%YAML 1.1
%TAG !u! tag:unity3d.com,2011:
--- !u!1 &5836902944527914349
GameObject:
  m_ObjectHideFlags: 0
  m_CorrespondingSourceObject: {fileID: 0}
  m_PrefabInstance: {fileID: 0}
  m_PrefabAsset: {fileID: 0}
  serializedVersion: 6
  m_Component:
  - component: {fileID: 5836902944527914348}
  - component: {fileID: 5836902944527914351}
  m_Layer: 9
  m_Name: bone_8
  m_TagString: Untagged
  m_Icon: {fileID: 0}
  m_NavMeshLayer: 0
  m_StaticEditorFlags: 0
  m_IsActive: 1
--- !u!4 &5836902944527914348
Transform:
  m_ObjectHideFlags: 0
  m_CorrespondingSourceObject: {fileID: 0}
  m_PrefabInstance: {fileID: 0}
  m_PrefabAsset: {fileID: 0}
  m_GameObject: {fileID: 5836902944527914349}
  m_LocalRotation: {x: 0, y: 0, z: -0.42111138, w: 0.90700895}
  m_LocalPosition: {x: 1.5012325, y: -0.00000018686094, z: 0}
  m_LocalScale: {x: 1, y: 1, z: 1}
  m_Children:
  - {fileID: 5836902945511740436}
  m_Father: {fileID: 5836902944774191974}
  m_RootOrder: 0
  m_LocalEulerAnglesHint: {x: 0, y: 0, z: 0}
--- !u!70 &5836902944527914351
CapsuleCollider2D:
  m_ObjectHideFlags: 0
  m_CorrespondingSourceObject: {fileID: 0}
  m_PrefabInstance: {fileID: 0}
  m_PrefabAsset: {fileID: 0}
  m_GameObject: {fileID: 5836902944527914349}
  m_Enabled: 1
  m_Density: 1
  m_Material: {fileID: 0}
  m_IsTrigger: 0
  m_UsedByEffector: 0
  m_UsedByComposite: 0
  m_Offset: {x: 0.54234713, y: 0.07794002}
  m_Size: {x: 1.5605267, y: 0.6882445}
  m_Direction: 1
--- !u!1 &5836902944581339048
GameObject:
  m_ObjectHideFlags: 0
  m_CorrespondingSourceObject: {fileID: 0}
  m_PrefabInstance: {fileID: 0}
  m_PrefabAsset: {fileID: 0}
  serializedVersion: 6
  m_Component:
  - component: {fileID: 5836902944581339051}
  - component: {fileID: 5836902944581339050}
  m_Layer: 9
  m_Name: bone_15
  m_TagString: Untagged
  m_Icon: {fileID: 0}
  m_NavMeshLayer: 0
  m_StaticEditorFlags: 0
  m_IsActive: 1
--- !u!4 &5836902944581339051
Transform:
  m_ObjectHideFlags: 0
  m_CorrespondingSourceObject: {fileID: 0}
  m_PrefabInstance: {fileID: 0}
  m_PrefabAsset: {fileID: 0}
  m_GameObject: {fileID: 5836902944581339048}
  m_LocalRotation: {x: 0, y: 0, z: 0.018251043, w: 0.99983346}
  m_LocalPosition: {x: 0.60816073, y: -0.02453366, z: 0}
  m_LocalScale: {x: 1, y: 1, z: 1}
  m_Children:
  - {fileID: 5836902945715625979}
  m_Father: {fileID: 5836902945886935750}
  m_RootOrder: 0
  m_LocalEulerAnglesHint: {x: 0, y: 0, z: 0}
--- !u!70 &5836902944581339050
CapsuleCollider2D:
  m_ObjectHideFlags: 0
  m_CorrespondingSourceObject: {fileID: 0}
  m_PrefabInstance: {fileID: 0}
  m_PrefabAsset: {fileID: 0}
  m_GameObject: {fileID: 5836902944581339048}
  m_Enabled: 1
  m_Density: 1
  m_Material: {fileID: 0}
  m_IsTrigger: 0
  m_UsedByEffector: 0
  m_UsedByComposite: 0
  m_Offset: {x: 0.19543417, y: 0.07962979}
  m_Size: {x: 2.203803, y: 0.86124367}
  m_Direction: 1
--- !u!1 &5836902944594206496
GameObject:
  m_ObjectHideFlags: 0
  m_CorrespondingSourceObject: {fileID: 0}
  m_PrefabInstance: {fileID: 0}
  m_PrefabAsset: {fileID: 0}
  serializedVersion: 6
  m_Component:
  - component: {fileID: 5836902944594206499}
  - component: {fileID: 5836902944594206498}
  m_Layer: 9
  m_Name: bone_11
  m_TagString: Untagged
  m_Icon: {fileID: 0}
  m_NavMeshLayer: 0
  m_StaticEditorFlags: 0
  m_IsActive: 1
--- !u!4 &5836902944594206499
Transform:
  m_ObjectHideFlags: 0
  m_CorrespondingSourceObject: {fileID: 0}
  m_PrefabInstance: {fileID: 0}
  m_PrefabAsset: {fileID: 0}
  m_GameObject: {fileID: 5836902944594206496}
  m_LocalRotation: {x: 0, y: 0, z: -0.43318927, w: 0.901303}
  m_LocalPosition: {x: 1.1497434, y: 0.000000013554127, z: 0}
  m_LocalScale: {x: 1, y: 1, z: 1}
  m_Children:
  - {fileID: 5836902945723178201}
  m_Father: {fileID: 5836902944857979553}
  m_RootOrder: 0
  m_LocalEulerAnglesHint: {x: 0, y: 0, z: 0}
--- !u!70 &5836902944594206498
CapsuleCollider2D:
  m_ObjectHideFlags: 0
  m_CorrespondingSourceObject: {fileID: 0}
  m_PrefabInstance: {fileID: 0}
  m_PrefabAsset: {fileID: 0}
  m_GameObject: {fileID: 5836902944594206496}
  m_Enabled: 1
  m_Density: 1
  m_Material: {fileID: 0}
  m_IsTrigger: 0
  m_UsedByEffector: 0
  m_UsedByComposite: 0
  m_Offset: {x: 0.52215356, y: 0.065917306}
  m_Size: {x: 1.3621793, y: 0.617836}
  m_Direction: 1
--- !u!1 &5836902944774191975
GameObject:
  m_ObjectHideFlags: 0
  m_CorrespondingSourceObject: {fileID: 0}
  m_PrefabInstance: {fileID: 0}
  m_PrefabAsset: {fileID: 0}
  serializedVersion: 6
  m_Component:
  - component: {fileID: 5836902944774191974}
  - component: {fileID: 5836902944774191977}
  m_Layer: 9
  m_Name: bone_7
  m_TagString: Untagged
  m_Icon: {fileID: 3936346786652291628, guid: 0000000000000000d000000000000000, type: 0}
  m_NavMeshLayer: 0
  m_StaticEditorFlags: 0
  m_IsActive: 1
--- !u!4 &5836902944774191974
Transform:
  m_ObjectHideFlags: 0
  m_CorrespondingSourceObject: {fileID: 0}
  m_PrefabInstance: {fileID: 0}
  m_PrefabAsset: {fileID: 0}
  m_GameObject: {fileID: 5836902944774191975}
  m_LocalRotation: {x: 0, y: -0, z: 0.8957927, w: 0.44447207}
  m_LocalPosition: {x: 0.9769615, y: -0.118626855, z: 0}
  m_LocalScale: {x: 1, y: 1, z: 1}
  m_Children:
  - {fileID: 5836902944527914348}
  - {fileID: 2885438421084311959}
  m_Father: {fileID: 5836902945647562577}
  m_RootOrder: 1
  m_LocalEulerAnglesHint: {x: 0, y: 0, z: 0}
--- !u!70 &5836902944774191977
CapsuleCollider2D:
  m_ObjectHideFlags: 0
  m_CorrespondingSourceObject: {fileID: 0}
  m_PrefabInstance: {fileID: 0}
  m_PrefabAsset: {fileID: 0}
  m_GameObject: {fileID: 5836902944774191975}
  m_Enabled: 1
  m_Density: 1
  m_Material: {fileID: 0}
  m_IsTrigger: 0
  m_UsedByEffector: 0
  m_UsedByComposite: 0
  m_Offset: {x: 0.64526147, y: 0.0338252}
  m_Size: {x: 1.8208133, y: 0.99263346}
  m_Direction: 1
--- !u!1 &5836902944857979582
GameObject:
  m_ObjectHideFlags: 0
  m_CorrespondingSourceObject: {fileID: 0}
  m_PrefabInstance: {fileID: 0}
  m_PrefabAsset: {fileID: 0}
  serializedVersion: 6
  m_Component:
  - component: {fileID: 5836902944857979553}
  - component: {fileID: 5836902944857979552}
  m_Layer: 9
  m_Name: bone_10
  m_TagString: Untagged
  m_Icon: {fileID: 2974397684917235467, guid: 0000000000000000d000000000000000, type: 0}
  m_NavMeshLayer: 0
  m_StaticEditorFlags: 0
  m_IsActive: 1
--- !u!4 &5836902944857979553
Transform:
  m_ObjectHideFlags: 0
  m_CorrespondingSourceObject: {fileID: 0}
  m_PrefabInstance: {fileID: 0}
  m_PrefabAsset: {fileID: 0}
  m_GameObject: {fileID: 5836902944857979582}
  m_LocalRotation: {x: -0, y: -0, z: 0.89796996, w: 0.44005665}
  m_LocalPosition: {x: 0.9460536, y: 1.2624038, z: 0}
  m_LocalScale: {x: 1, y: 1, z: 1}
  m_Children:
  - {fileID: 5836902944594206499}
  - {fileID: 4457556584232677501}
  m_Father: {fileID: 5836902945647562577}
  m_RootOrder: 2
  m_LocalEulerAnglesHint: {x: 0, y: 0, z: 127.785}
--- !u!70 &5836902944857979552
CapsuleCollider2D:
  m_ObjectHideFlags: 0
  m_CorrespondingSourceObject: {fileID: 0}
  m_PrefabInstance: {fileID: 0}
  m_PrefabAsset: {fileID: 0}
  m_GameObject: {fileID: 5836902944857979582}
  m_Enabled: 1
  m_Density: 1
  m_Material: {fileID: 0}
  m_IsTrigger: 0
  m_UsedByEffector: 0
  m_UsedByComposite: 0
  m_Offset: {x: 0.33908305, y: -0.033196606}
  m_Size: {x: 1.6781682, y: 0.5921499}
  m_Direction: 1
--- !u!1 &5836902945020702679
GameObject:
  m_ObjectHideFlags: 0
  m_CorrespondingSourceObject: {fileID: 0}
  m_PrefabInstance: {fileID: 0}
  m_PrefabAsset: {fileID: 0}
  serializedVersion: 6
  m_Component:
  - component: {fileID: 5836902945020702678}
  - component: {fileID: 5836902945020702681}
  m_Layer: 9
  m_Name: bone_17
  m_TagString: Zombie
  m_Icon: {fileID: 0}
  m_NavMeshLayer: 0
  m_StaticEditorFlags: 0
  m_IsActive: 1
--- !u!4 &5836902945020702678
Transform:
  m_ObjectHideFlags: 0
  m_CorrespondingSourceObject: {fileID: 0}
  m_PrefabInstance: {fileID: 0}
  m_PrefabAsset: {fileID: 0}
  m_GameObject: {fileID: 5836902945020702679}
  m_LocalRotation: {x: -0, y: -0, z: -0.68074477, w: 0.7325207}
  m_LocalPosition: {x: 2.0821986, y: -0.09463362, z: 0}
  m_LocalScale: {x: 1, y: 1, z: 1}
  m_Children: []
  m_Father: {fileID: 5836902945715625979}
  m_RootOrder: 0
  m_LocalEulerAnglesHint: {x: 0, y: 0, z: -85.804}
--- !u!70 &5836902945020702681
CapsuleCollider2D:
  m_ObjectHideFlags: 0
  m_CorrespondingSourceObject: {fileID: 0}
  m_PrefabInstance: {fileID: 0}
  m_PrefabAsset: {fileID: 0}
  m_GameObject: {fileID: 5836902945020702679}
  m_Enabled: 1
  m_Density: 1
  m_Material: {fileID: 0}
  m_IsTrigger: 0
  m_UsedByEffector: 0
  m_UsedByComposite: 0
  m_Offset: {x: 0.6212379, y: 0.2682232}
  m_Size: {x: 2.2424693, y: 0.2692594}
  m_Direction: 1
--- !u!1 &5836902945103716780
GameObject:
  m_ObjectHideFlags: 0
  m_CorrespondingSourceObject: {fileID: 0}
  m_PrefabInstance: {fileID: 0}
  m_PrefabAsset: {fileID: 0}
  serializedVersion: 6
  m_Component:
  - component: {fileID: 5836902945103716783}
  m_Layer: 9
  m_Name: bone_3
  m_TagString: Untagged
  m_Icon: {fileID: 5132851093641282708, guid: 0000000000000000d000000000000000, type: 0}
  m_NavMeshLayer: 0
  m_StaticEditorFlags: 0
  m_IsActive: 1
--- !u!4 &5836902945103716783
Transform:
  m_ObjectHideFlags: 0
  m_CorrespondingSourceObject: {fileID: 0}
  m_PrefabInstance: {fileID: 0}
  m_PrefabAsset: {fileID: 0}
  m_GameObject: {fileID: 5836902945103716780}
  m_LocalRotation: {x: -0, y: -0, z: 0.037923705, w: 0.9992807}
  m_LocalPosition: {x: 1.7957127, y: -0.23911594, z: 0}
  m_LocalScale: {x: 1, y: 1, z: 1}
  m_Children:
  - {fileID: 5836902946463500818}
  - {fileID: 3355799644787775474}
  m_Father: {fileID: 5836902945647562577}
  m_RootOrder: 0
  m_LocalEulerAnglesHint: {x: 0, y: 0, z: 4.347}
--- !u!1 &5836902945429899565
GameObject:
  m_ObjectHideFlags: 0
  m_CorrespondingSourceObject: {fileID: 0}
  m_PrefabInstance: {fileID: 0}
  m_PrefabAsset: {fileID: 0}
  serializedVersion: 6
  m_Component:
  - component: {fileID: 5836902945429899564}
  - component: {fileID: 5836902945429899567}
  m_Layer: 9
  m_Name: bone_19
  m_TagString: Untagged
  m_Icon: {fileID: 0}
  m_NavMeshLayer: 0
  m_StaticEditorFlags: 0
  m_IsActive: 1
--- !u!4 &5836902945429899564
Transform:
  m_ObjectHideFlags: 0
  m_CorrespondingSourceObject: {fileID: 0}
  m_PrefabInstance: {fileID: 0}
  m_PrefabAsset: {fileID: 0}
  m_GameObject: {fileID: 5836902945429899565}
  m_LocalRotation: {x: -0, y: -0, z: 0.87313765, w: 0.48747393}
  m_LocalPosition: {x: 1.6406474, y: 0.0000003809329, z: 0}
  m_LocalScale: {x: 1, y: 1, z: 1}
  m_Children:
  - {fileID: 5836902946550068622}
  m_Father: {fileID: 5836902946125465044}
  m_RootOrder: 0
  m_LocalEulerAnglesHint: {x: 0, y: 0, z: 121.65101}
--- !u!70 &5836902945429899567
CapsuleCollider2D:
  m_ObjectHideFlags: 0
  m_CorrespondingSourceObject: {fileID: 0}
  m_PrefabInstance: {fileID: 0}
  m_PrefabAsset: {fileID: 0}
  m_GameObject: {fileID: 5836902945429899565}
  m_Enabled: 1
  m_Density: 1
  m_Material: {fileID: 0}
  m_IsTrigger: 0
  m_UsedByEffector: 0
  m_UsedByComposite: 0
  m_Offset: {x: 0.85646665, y: 0.109713614}
  m_Size: {x: 2.712933, y: 0.780578}
  m_Direction: 1
--- !u!1 &5836902945479411781
GameObject:
  m_ObjectHideFlags: 0
  m_CorrespondingSourceObject: {fileID: 0}
  m_PrefabInstance: {fileID: 0}
  m_PrefabAsset: {fileID: 0}
  serializedVersion: 6
  m_Component:
  - component: {fileID: 5836902945479411780}
  m_Layer: 9
  m_Name: bone_5
  m_TagString: Zombie
  m_Icon: {fileID: 0}
  m_NavMeshLayer: 0
  m_StaticEditorFlags: 0
  m_IsActive: 1
--- !u!4 &5836902945479411780
Transform:
  m_ObjectHideFlags: 0
  m_CorrespondingSourceObject: {fileID: 0}
  m_PrefabInstance: {fileID: 0}
  m_PrefabAsset: {fileID: 0}
  m_GameObject: {fileID: 5836902945479411781}
  m_LocalRotation: {x: 0, y: 0, z: 0.06575864, w: 0.9978356}
  m_LocalPosition: {x: 3.54457, y: -0.0000017598286, z: 0}
  m_LocalScale: {x: 1, y: 1, z: 1}
  m_Children:
  - {fileID: 5836902945678584228}
  m_Father: {fileID: 5836902946463500818}
  m_RootOrder: 0
  m_LocalEulerAnglesHint: {x: 0, y: 0, z: 0}
--- !u!1 &5836902945511740437
GameObject:
  m_ObjectHideFlags: 0
  m_CorrespondingSourceObject: {fileID: 0}
  m_PrefabInstance: {fileID: 0}
  m_PrefabAsset: {fileID: 0}
  serializedVersion: 6
  m_Component:
  - component: {fileID: 5836902945511740436}
  - component: {fileID: 5836902945511740439}
  m_Layer: 9
  m_Name: bone_9
  m_TagString: Zombie
  m_Icon: {fileID: 0}
  m_NavMeshLayer: 0
  m_StaticEditorFlags: 0
  m_IsActive: 1
--- !u!4 &5836902945511740436
Transform:
  m_ObjectHideFlags: 0
  m_CorrespondingSourceObject: {fileID: 0}
  m_PrefabInstance: {fileID: 0}
  m_PrefabAsset: {fileID: 0}
  m_GameObject: {fileID: 5836902945511740437}
  m_LocalRotation: {x: 0, y: 0, z: -0.46074137, w: 0.88753444}
  m_LocalPosition: {x: 1.1919148, y: 0.00000048127833, z: 0}
  m_LocalScale: {x: 1, y: 1, z: 1}
  m_Children: []
  m_Father: {fileID: 5836902944527914348}
  m_RootOrder: 0
  m_LocalEulerAnglesHint: {x: 0, y: 0, z: 0}
--- !u!70 &5836902945511740439
CapsuleCollider2D:
  m_ObjectHideFlags: 0
  m_CorrespondingSourceObject: {fileID: 0}
  m_PrefabInstance: {fileID: 0}
  m_PrefabAsset: {fileID: 0}
  m_GameObject: {fileID: 5836902945511740437}
  m_Enabled: 1
  m_Density: 1
  m_Material: {fileID: 0}
  m_IsTrigger: 0
  m_UsedByEffector: 0
  m_UsedByComposite: 0
  m_Offset: {x: 0.7723111, y: 0.117216386}
  m_Size: {x: 1.9845163, y: 0.596329}
  m_Direction: 1
--- !u!1 &5836902945554976636
GameObject:
  m_ObjectHideFlags: 0
  m_CorrespondingSourceObject: {fileID: 0}
  m_PrefabInstance: {fileID: 0}
  m_PrefabAsset: {fileID: 0}
  serializedVersion: 6
  m_Component:
  - component: {fileID: 5836902945554976639}
  - component: {fileID: 5836902945554976638}
  m_Layer: 9
  m_Name: bone_1
  m_TagString: Untagged
  m_Icon: {fileID: 0}
  m_NavMeshLayer: 0
  m_StaticEditorFlags: 0
  m_IsActive: 1
--- !u!4 &5836902945554976639
Transform:
  m_ObjectHideFlags: 0
  m_CorrespondingSourceObject: {fileID: 0}
  m_PrefabInstance: {fileID: 0}
  m_PrefabAsset: {fileID: 0}
  m_GameObject: {fileID: 5836902945554976636}
  m_LocalRotation: {x: -0, y: -0, z: 0.7142843, w: 0.69985574}
  m_LocalPosition: {x: 1.964543, y: -3.5464025, z: 0}
  m_LocalScale: {x: 1, y: 1, z: 1}
  m_Children:
  - {fileID: 5836902945647562577}
  - {fileID: 5836902945886935750}
  - {fileID: 5836902946574611634}
  m_Father: {fileID: 5836902946028955479}
  m_RootOrder: 0
  m_LocalEulerAnglesHint: {x: 0, y: 0, z: 91.16901}
--- !u!70 &5836902945554976638
CapsuleCollider2D:
  m_ObjectHideFlags: 0
  m_CorrespondingSourceObject: {fileID: 0}
  m_PrefabInstance: {fileID: 0}
  m_PrefabAsset: {fileID: 0}
  m_GameObject: {fileID: 5836902945554976636}
  m_Enabled: 1
  m_Density: 1
  m_Material: {fileID: 0}
  m_IsTrigger: 0
  m_UsedByEffector: 0
  m_UsedByComposite: 0
  m_Offset: {x: 1.5331664, y: -0.24266678}
  m_Size: {x: 4.2857575, y: 3.9750872}
  m_Direction: 1
--- !u!1 &5836902945647562542
GameObject:
  m_ObjectHideFlags: 0
  m_CorrespondingSourceObject: {fileID: 0}
  m_PrefabInstance: {fileID: 0}
  m_PrefabAsset: {fileID: 0}
  serializedVersion: 6
  m_Component:
  - component: {fileID: 5836902945647562577}
  m_Layer: 9
  m_Name: bone_2
  m_TagString: Untagged
  m_Icon: {fileID: 0}
  m_NavMeshLayer: 0
  m_StaticEditorFlags: 0
  m_IsActive: 1
--- !u!4 &5836902945647562577
Transform:
  m_ObjectHideFlags: 0
  m_CorrespondingSourceObject: {fileID: 0}
  m_PrefabInstance: {fileID: 0}
  m_PrefabAsset: {fileID: 0}
  m_GameObject: {fileID: 5836902945647562542}
  m_LocalRotation: {x: 0, y: 0, z: 0.13859913, w: 0.9903486}
  m_LocalPosition: {x: 1.5324945, y: -0.00000045789565, z: 0}
  m_LocalScale: {x: 1, y: 1, z: 1}
  m_Children:
  - {fileID: 5836902945103716783}
  - {fileID: 5836902944774191974}
  - {fileID: 5836902944857979553}
  m_Father: {fileID: 5836902945554976639}
  m_RootOrder: 0
  m_LocalEulerAnglesHint: {x: 0, y: 0, z: 0}
--- !u!1 &5836902945678584229
GameObject:
  m_ObjectHideFlags: 0
  m_CorrespondingSourceObject: {fileID: 0}
  m_PrefabInstance: {fileID: 0}
  m_PrefabAsset: {fileID: 0}
  serializedVersion: 6
  m_Component:
  - component: {fileID: 5836902945678584228}
  m_Layer: 9
  m_Name: bone_6
  m_TagString: Zombie
  m_Icon: {fileID: 0}
  m_NavMeshLayer: 0
  m_StaticEditorFlags: 0
  m_IsActive: 1
--- !u!4 &5836902945678584228
Transform:
  m_ObjectHideFlags: 0
  m_CorrespondingSourceObject: {fileID: 0}
  m_PrefabInstance: {fileID: 0}
  m_PrefabAsset: {fileID: 0}
  m_GameObject: {fileID: 5836902945678584229}
  m_LocalRotation: {x: 0, y: 0, z: -0.0837218, w: 0.9964892}
  m_LocalPosition: {x: 0.4477042, y: 0.0000000039615404, z: 0}
  m_LocalScale: {x: 1, y: 1, z: 1}
  m_Children: []
  m_Father: {fileID: 5836902945479411780}
  m_RootOrder: 0
  m_LocalEulerAnglesHint: {x: 0, y: 0, z: 0}
--- !u!1 &5836902945715625976
GameObject:
  m_ObjectHideFlags: 0
  m_CorrespondingSourceObject: {fileID: 0}
  m_PrefabInstance: {fileID: 0}
  m_PrefabAsset: {fileID: 0}
  serializedVersion: 6
  m_Component:
  - component: {fileID: 5836902945715625979}
  - component: {fileID: 5836902945715625978}
  m_Layer: 9
  m_Name: bone_16
  m_TagString: Zombie
  m_Icon: {fileID: 0}
  m_NavMeshLayer: 0
  m_StaticEditorFlags: 0
  m_IsActive: 1
--- !u!4 &5836902945715625979
Transform:
  m_ObjectHideFlags: 0
  m_CorrespondingSourceObject: {fileID: 0}
  m_PrefabInstance: {fileID: 0}
  m_PrefabAsset: {fileID: 0}
  m_GameObject: {fileID: 5836902945715625976}
  m_LocalRotation: {x: -0, y: -0, z: 0.1766735, w: 0.98426956}
  m_LocalPosition: {x: 1.374764, y: 0.00000004370102, z: 0}
  m_LocalScale: {x: 1, y: 1, z: 1}
  m_Children:
  - {fileID: 5836902945020702678}
  m_Father: {fileID: 5836902944581339051}
  m_RootOrder: 0
  m_LocalEulerAnglesHint: {x: 0, y: 0, z: 20.352001}
--- !u!70 &5836902945715625978
CapsuleCollider2D:
  m_ObjectHideFlags: 0
  m_CorrespondingSourceObject: {fileID: 0}
  m_PrefabInstance: {fileID: 0}
  m_PrefabAsset: {fileID: 0}
  m_GameObject: {fileID: 5836902945715625976}
  m_Enabled: 1
  m_Density: 1
  m_Material: {fileID: 0}
  m_IsTrigger: 0
  m_UsedByEffector: 0
  m_UsedByComposite: 0
  m_Offset: {x: 1.1379414, y: 0.061513077}
  m_Size: {x: 2.3324425, y: 0.76825166}
  m_Direction: 1
--- !u!1 &5836902945723178198
GameObject:
  m_ObjectHideFlags: 0
  m_CorrespondingSourceObject: {fileID: 0}
  m_PrefabInstance: {fileID: 0}
  m_PrefabAsset: {fileID: 0}
  serializedVersion: 6
  m_Component:
  - component: {fileID: 5836902945723178201}
  - component: {fileID: 5836902945723178200}
  m_Layer: 9
  m_Name: bone_12
  m_TagString: Zombie
  m_Icon: {fileID: 0}
  m_NavMeshLayer: 0
  m_StaticEditorFlags: 0
  m_IsActive: 1
--- !u!4 &5836902945723178201
Transform:
  m_ObjectHideFlags: 0
  m_CorrespondingSourceObject: {fileID: 0}
  m_PrefabInstance: {fileID: 0}
  m_PrefabAsset: {fileID: 0}
  m_GameObject: {fileID: 5836902945723178198}
  m_LocalRotation: {x: 0, y: 0, z: -0.38900167, w: 0.92123705}
  m_LocalPosition: {x: 1.1326064, y: -0.00000028307764, z: 0}
  m_LocalScale: {x: 1, y: 1, z: 1}
  m_Children: []
  m_Father: {fileID: 5836902944594206499}
  m_RootOrder: 0
  m_LocalEulerAnglesHint: {x: 0, y: 0, z: 0}
--- !u!70 &5836902945723178200
CapsuleCollider2D:
  m_ObjectHideFlags: 0
  m_CorrespondingSourceObject: {fileID: 0}
  m_PrefabInstance: {fileID: 0}
  m_PrefabAsset: {fileID: 0}
  m_GameObject: {fileID: 5836902945723178198}
  m_Enabled: 1
  m_Density: 1
  m_Material: {fileID: 0}
  m_IsTrigger: 0
  m_UsedByEffector: 0
  m_UsedByComposite: 0
  m_Offset: {x: 0.8180638, y: 0.111047275}
  m_Size: {x: 1.8796468, y: 0.66062087}
  m_Direction: 1
--- !u!1 &5836902945886935751
GameObject:
  m_ObjectHideFlags: 0
  m_CorrespondingSourceObject: {fileID: 0}
  m_PrefabInstance: {fileID: 0}
  m_PrefabAsset: {fileID: 0}
  serializedVersion: 6
  m_Component:
  - component: {fileID: 5836902945886935750}
  m_Layer: 9
  m_Name: bone_13
  m_TagString: Untagged
  m_Icon: {fileID: 2974397684917235467, guid: 0000000000000000d000000000000000, type: 0}
  m_NavMeshLayer: 0
  m_StaticEditorFlags: 0
  m_IsActive: 1
--- !u!4 &5836902945886935750
Transform:
  m_ObjectHideFlags: 0
  m_CorrespondingSourceObject: {fileID: 0}
  m_PrefabInstance: {fileID: 0}
  m_PrefabAsset: {fileID: 0}
  m_GameObject: {fileID: 5836902945886935751}
  m_LocalRotation: {x: 0, y: -0, z: 0.9841041, w: 0.17759292}
  m_LocalPosition: {x: -0.26477298, y: 0.81856394, z: 0}
  m_LocalScale: {x: 1, y: 1, z: 1}
  m_Children:
  - {fileID: 5836902944581339051}
  - {fileID: 239509433385157310}
  m_Father: {fileID: 5836902945554976639}
  m_RootOrder: 1
  m_LocalEulerAnglesHint: {x: 0, y: 0, z: 0}
--- !u!1 &5836902946028955472
GameObject:
  m_ObjectHideFlags: 0
  m_CorrespondingSourceObject: {fileID: 0}
  m_PrefabInstance: {fileID: 0}
  m_PrefabAsset: {fileID: 0}
  serializedVersion: 6
  m_Component:
  - component: {fileID: 5836902946028955479}
  - component: {fileID: 5836902946028955476}
  - component: {fileID: 5836902946028955477}
  - component: {fileID: 5836902946028955475}
  - component: {fileID: 5836902946028955478}
  - component: {fileID: 6931695344995333396}
  - component: {fileID: 7606566593735416520}
  - component: {fileID: 18868988704084866}
  m_Layer: 9
  m_Name: G_Zombie_2
  m_TagString: Zombie
  m_Icon: {fileID: 0}
  m_NavMeshLayer: 0
  m_StaticEditorFlags: 0
  m_IsActive: 1
--- !u!4 &5836902946028955479
Transform:
  m_ObjectHideFlags: 0
  m_CorrespondingSourceObject: {fileID: 0}
  m_PrefabInstance: {fileID: 0}
  m_PrefabAsset: {fileID: 0}
  m_GameObject: {fileID: 5836902946028955472}
  m_LocalRotation: {x: 0, y: 0, z: 0, w: 1}
  m_LocalPosition: {x: 1.298, y: 0, z: 0}
  m_LocalScale: {x: 0.35267526, y: 0.35708374, z: 0.35267526}
  m_Children:
  - {fileID: 5836902945554976639}
  m_Father: {fileID: 0}
  m_RootOrder: 0
  m_LocalEulerAnglesHint: {x: 0, y: 0, z: 0}
--- !u!212 &5836902946028955476
SpriteRenderer:
  m_ObjectHideFlags: 0
  m_CorrespondingSourceObject: {fileID: 0}
  m_PrefabInstance: {fileID: 0}
  m_PrefabAsset: {fileID: 0}
  m_GameObject: {fileID: 5836902946028955472}
  m_Enabled: 1
  m_CastShadows: 0
  m_ReceiveShadows: 0
  m_DynamicOccludee: 1
  m_MotionVectors: 1
  m_LightProbeUsage: 1
  m_ReflectionProbeUsage: 1
  m_RenderingLayerMask: 1
  m_RendererPriority: 0
  m_Materials:
  - {fileID: 10754, guid: 0000000000000000f000000000000000, type: 0}
  m_StaticBatchInfo:
    firstSubMesh: 0
    subMeshCount: 0
  m_StaticBatchRoot: {fileID: 0}
  m_ProbeAnchor: {fileID: 0}
  m_LightProbeVolumeOverride: {fileID: 0}
  m_ScaleInLightmap: 1
  m_PreserveUVs: 0
  m_IgnoreNormalsForChartDetection: 0
  m_ImportantGI: 0
  m_StitchLightmapSeams: 0
  m_SelectedEditorRenderState: 0
  m_MinimumChartSize: 4
  m_AutoUVMaxDistance: 0.5
  m_AutoUVMaxAngle: 89
  m_LightmapParameters: {fileID: 0}
  m_SortingLayerID: 1240861527
  m_SortingLayer: 1
  m_SortingOrder: 0
  m_Sprite: {fileID: 21300000, guid: ab175647f3860594f8104ae3cf70d030, type: 3}
  m_Color: {r: 1, g: 1, b: 1, a: 1}
  m_FlipX: 0
  m_FlipY: 0
  m_DrawMode: 0
  m_Size: {x: 8.63, y: 18.63}
  m_AdaptiveModeThreshold: 0.5
  m_SpriteTileMode: 0
  m_WasSpriteAssigned: 1
  m_MaskInteraction: 0
  m_SpriteSortPoint: 0
--- !u!114 &5836902946028955477
MonoBehaviour:
  m_ObjectHideFlags: 0
  m_CorrespondingSourceObject: {fileID: 0}
  m_PrefabInstance: {fileID: 0}
  m_PrefabAsset: {fileID: 0}
  m_GameObject: {fileID: 5836902946028955472}
  m_Enabled: 1
  m_EditorHideFlags: 0
  m_Script: {fileID: 11500000, guid: 57c008f954fe54a8bb972de1018a2cb8, type: 3}
  m_Name: 
  m_EditorClassIdentifier: 
  m_RootBone: {fileID: 5836902945554976639}
  m_BoneTransforms:
  - {fileID: 5836902945554976639}
  - {fileID: 5836902945647562577}
  - {fileID: 5836902945103716783}
  - {fileID: 5836902946463500818}
  - {fileID: 5836902945479411780}
  - {fileID: 5836902945678584228}
  - {fileID: 5836902944774191974}
  - {fileID: 5836902944527914348}
  - {fileID: 5836902945511740436}
  - {fileID: 5836902944857979553}
  - {fileID: 5836902944594206499}
  - {fileID: 5836902945723178201}
  - {fileID: 5836902945886935750}
  - {fileID: 5836902946574611634}
  - {fileID: 5836902944581339051}
  - {fileID: 5836902945715625979}
  - {fileID: 5836902945020702678}
  - {fileID: 5836902946125465044}
  - {fileID: 5836902945429899564}
  - {fileID: 5836902946550068622}
  m_Bounds:
    m_Center: {x: 5.0843573, y: 1.8421917, z: 0}
    m_Extent: {x: 9.879659, y: 5.511992, z: 0}
--- !u!50 &5836902946028955475
Rigidbody2D:
  serializedVersion: 4
  m_ObjectHideFlags: 0
  m_CorrespondingSourceObject: {fileID: 0}
  m_PrefabInstance: {fileID: 0}
  m_PrefabAsset: {fileID: 0}
  m_GameObject: {fileID: 5836902946028955472}
  m_BodyType: 0
  m_Simulated: 1
  m_UseFullKinematicContacts: 0
  m_UseAutoMass: 0
  m_Mass: 1.2
  m_LinearDrag: 0
  m_AngularDrag: 0.05
  m_GravityScale: 1
  m_Material: {fileID: 0}
  m_Interpolate: 0
  m_SleepingMode: 1
  m_CollisionDetection: 0
  m_Constraints: 4
--- !u!95 &5836902946028955478
Animator:
  serializedVersion: 3
  m_ObjectHideFlags: 0
  m_CorrespondingSourceObject: {fileID: 0}
  m_PrefabInstance: {fileID: 0}
  m_PrefabAsset: {fileID: 0}
  m_GameObject: {fileID: 5836902946028955472}
  m_Enabled: 1
  m_Avatar: {fileID: 0}
  m_Controller: {fileID: 9100000, guid: cdd1c8e536945cb4188c731bebdeba5f, type: 2}
  m_CullingMode: 0
  m_UpdateMode: 0
  m_ApplyRootMotion: 0
  m_LinearVelocityBlending: 0
  m_WarningMessage: 
  m_HasTransformHierarchy: 1
  m_AllowConstantClipSamplingOptimization: 1
  m_KeepAnimatorControllerStateOnDisable: 0
--- !u!61 &6931695344995333396
BoxCollider2D:
  m_ObjectHideFlags: 0
  m_CorrespondingSourceObject: {fileID: 0}
  m_PrefabInstance: {fileID: 0}
  m_PrefabAsset: {fileID: 0}
  m_GameObject: {fileID: 5836902946028955472}
  m_Enabled: 1
  m_Density: 1
  m_Material: {fileID: 0}
  m_IsTrigger: 1
  m_UsedByEffector: 0
  m_UsedByComposite: 0
  m_Offset: {x: -2.165474, y: -0.32408237}
  m_SpriteTilingProperty:
    border: {x: 0, y: 0, z: 0, w: 0}
    pivot: {x: 0.5, y: 0.5}
    oldSize: {x: 8.63, y: 18.63}
    newSize: {x: 8.63, y: 18.63}
    adaptiveTilingThreshold: 0.5
    drawMode: 0
    adaptiveTiling: 0
  m_AutoTiling: 0
  serializedVersion: 2
  m_Size: {x: 5.3103294, y: 16.006773}
  m_EdgeRadius: 0
--- !u!114 &7606566593735416520
MonoBehaviour:
  m_ObjectHideFlags: 0
  m_CorrespondingSourceObject: {fileID: 0}
  m_PrefabInstance: {fileID: 0}
  m_PrefabAsset: {fileID: 0}
  m_GameObject: {fileID: 5836902946028955472}
  m_Enabled: 1
  m_EditorHideFlags: 0
  m_Script: {fileID: 11500000, guid: 679e983f8883d07428d084e4ee93f683, type: 3}
  m_Name: 
  m_EditorClassIdentifier: 
  Zombianimators: {fileID: 0}
  myCars: {fileID: 0}
  ZombieLife: 100
  zombieBody: {fileID: 5836902945554976636}
  zombieHead: {fileID: 5836902945103716780}
  zombieHandLeft: {fileID: 5836902944774191975}
  zombieHandRight: {fileID: 5836902944857979582}
  zombieLegRight: {fileID: 5836902945886935751}
  zombieLegLeft: {fileID: 5836902946574611635}
  BloodPartical:
  - {fileID: 3355799644787775475}
  - {fileID: 2885438421084311958}
  - {fileID: 4457556584232677500}
  - {fileID: 239509433385157311}
  - {fileID: 5453235921227559938}
  mycarRigidbody: {fileID: 0}
  selfRigidbody: {fileID: 0}
  zombieHeadRigidbody: {fileID: 0}
  zombieHandLeftRigidbody: {fileID: 0}
  zombieHandRightRigidbody: {fileID: 0}
  zombieLegRightRigidbody: {fileID: 0}
  zombieLegLeftRigidbody: {fileID: 0}
  zombieBodyRigidbody: {fileID: 0}
  displace: 0
  soundflag: 0
  inrange: 0
  attackdistance: 2
  zombipkosition: 0
  carposition: 0
  gholder: 0
  zombieDeathTime: 0
  speed: 10
  zombie: []
  zombieLife: 100
--- !u!70 &18868988704084866
CapsuleCollider2D:
  m_ObjectHideFlags: 0
  m_CorrespondingSourceObject: {fileID: 0}
  m_PrefabInstance: {fileID: 0}
  m_PrefabAsset: {fileID: 0}
  m_GameObject: {fileID: 5836902946028955472}
  m_Enabled: 1
  m_Density: 1
  m_Material: {fileID: 0}
  m_IsTrigger: 0
  m_UsedByEffector: 0
  m_UsedByComposite: 0
  m_Offset: {x: 1.9534684, y: -0.08676157}
  m_Size: {x: 4.151223, y: 15.839376}
  m_Direction: 0
--- !u!1 &5836902946125465045
GameObject:
  m_ObjectHideFlags: 0
  m_CorrespondingSourceObject: {fileID: 0}
  m_PrefabInstance: {fileID: 0}
  m_PrefabAsset: {fileID: 0}
  serializedVersion: 6
  m_Component:
  - component: {fileID: 5836902946125465044}
  - component: {fileID: 5836902946125465047}
  m_Layer: 9
  m_Name: bone_18
  m_TagString: Untagged
  m_Icon: {fileID: 0}
  m_NavMeshLayer: 0
  m_StaticEditorFlags: 0
  m_IsActive: 1
--- !u!4 &5836902946125465044
Transform:
  m_ObjectHideFlags: 0
  m_CorrespondingSourceObject: {fileID: 0}
  m_PrefabInstance: {fileID: 0}
  m_PrefabAsset: {fileID: 0}
  m_GameObject: {fileID: 5836902946125465045}
  m_LocalRotation: {x: -0, y: -0, z: -0.12566963, w: 0.99207217}
  m_LocalPosition: {x: 0.56958723, y: -0.037869558, z: 0}
  m_LocalScale: {x: 1, y: 1, z: 1}
  m_Children:
  - {fileID: 5836902945429899564}
  m_Father: {fileID: 5836902946574611634}
  m_RootOrder: 0
  m_LocalEulerAnglesHint: {x: 0, y: 0, z: -14.439001}
--- !u!70 &5836902946125465047
CapsuleCollider2D:
  m_ObjectHideFlags: 0
  m_CorrespondingSourceObject: {fileID: 0}
  m_PrefabInstance: {fileID: 0}
  m_PrefabAsset: {fileID: 0}
  m_GameObject: {fileID: 5836902946125465045}
  m_Enabled: 1
  m_Density: 1
  m_Material: {fileID: 0}
  m_IsTrigger: 0
  m_UsedByEffector: 0
  m_UsedByComposite: 0
  m_Offset: {x: 0.37011182, y: -0.022903524}
  m_Size: {x: 2.2868233, y: 0.95419466}
  m_Direction: 1
--- !u!1 &5836902946463500819
GameObject:
  m_ObjectHideFlags: 0
  m_CorrespondingSourceObject: {fileID: 0}
  m_PrefabInstance: {fileID: 0}
  m_PrefabAsset: {fileID: 0}
  serializedVersion: 6
  m_Component:
  - component: {fileID: 5836902946463500818}
  - component: {fileID: 5836902946463500821}
  m_Layer: 9
  m_Name: bone_4
  m_TagString: Untagged
  m_Icon: {fileID: 0}
  m_NavMeshLayer: 0
  m_StaticEditorFlags: 0
  m_IsActive: 1
--- !u!4 &5836902946463500818
Transform:
  m_ObjectHideFlags: 0
  m_CorrespondingSourceObject: {fileID: 0}
  m_PrefabInstance: {fileID: 0}
  m_PrefabAsset: {fileID: 0}
  m_GameObject: {fileID: 5836902946463500819}
  m_LocalRotation: {x: 0, y: 0, z: -0.012698835, w: 0.99991935}
  m_LocalPosition: {x: 2.2290902, y: 0.06305101, z: 0}
  m_LocalScale: {x: 1, y: 1, z: 1}
  m_Children:
  - {fileID: 5836902945479411780}
  m_Father: {fileID: 5836902945103716783}
  m_RootOrder: 0
  m_LocalEulerAnglesHint: {x: 0, y: 0, z: 0}
--- !u!70 &5836902946463500821
CapsuleCollider2D:
  m_ObjectHideFlags: 0
  m_CorrespondingSourceObject: {fileID: 0}
  m_PrefabInstance: {fileID: 0}
  m_PrefabAsset: {fileID: 0}
  m_GameObject: {fileID: 5836902946463500819}
  m_Enabled: 1
  m_Density: 1
  m_Material: {fileID: 0}
  m_IsTrigger: 0
  m_UsedByEffector: 0
  m_UsedByComposite: 0
  m_Offset: {x: 1.4069904, y: -0.06455858}
  m_Size: {x: 8.619896, y: 7.1799903}
  m_Direction: 1
--- !u!1 &5836902946550068623
GameObject:
  m_ObjectHideFlags: 0
  m_CorrespondingSourceObject: {fileID: 0}
  m_PrefabInstance: {fileID: 0}
  m_PrefabAsset: {fileID: 0}
  serializedVersion: 6
  m_Component:
  - component: {fileID: 5836902946550068622}
  - component: {fileID: 5836902946550068657}
  m_Layer: 9
  m_Name: bone_20
  m_TagString: Zombie
  m_Icon: {fileID: 0}
  m_NavMeshLayer: 0
  m_StaticEditorFlags: 0
  m_IsActive: 1
--- !u!4 &5836902946550068622
Transform:
  m_ObjectHideFlags: 0
  m_CorrespondingSourceObject: {fileID: 0}
  m_PrefabInstance: {fileID: 0}
  m_PrefabAsset: {fileID: 0}
  m_GameObject: {fileID: 5836902946550068623}
  m_LocalRotation: {x: -0, y: -0, z: -0.7481476, w: 0.6635324}
  m_LocalPosition: {x: 2.2964122, y: -0.020683065, z: 0}
  m_LocalScale: {x: 1, y: 1, z: 1}
  m_Children: []
  m_Father: {fileID: 5836902945429899564}
  m_RootOrder: 0
  m_LocalEulerAnglesHint: {x: 0, y: 0, z: -96.86001}
--- !u!70 &5836902946550068657
CapsuleCollider2D:
  m_ObjectHideFlags: 0
  m_CorrespondingSourceObject: {fileID: 0}
  m_PrefabInstance: {fileID: 0}
  m_PrefabAsset: {fileID: 0}
  m_GameObject: {fileID: 5836902946550068623}
  m_Enabled: 1
  m_Density: 1
  m_Material: {fileID: 0}
  m_IsTrigger: 0
  m_UsedByEffector: 0
  m_UsedByComposite: 0
  m_Offset: {x: 0.557952, y: 0.055920728}
  m_Size: {x: 1.6301345, y: 0.2099011}
  m_Direction: 1
--- !u!1 &5836902946574611635
GameObject:
  m_ObjectHideFlags: 0
  m_CorrespondingSourceObject: {fileID: 0}
  m_PrefabInstance: {fileID: 0}
  m_PrefabAsset: {fileID: 0}
  serializedVersion: 6
  m_Component:
  - component: {fileID: 5836902946574611634}
  m_Layer: 9
  m_Name: bone_14
  m_TagString: Untagged
  m_Icon: {fileID: 3936346786652291628, guid: 0000000000000000d000000000000000, type: 0}
  m_NavMeshLayer: 0
  m_StaticEditorFlags: 0
  m_IsActive: 1
--- !u!4 &5836902946574611634
Transform:
  m_ObjectHideFlags: 0
  m_CorrespondingSourceObject: {fileID: 0}
  m_PrefabInstance: {fileID: 0}
  m_PrefabAsset: {fileID: 0}
  m_GameObject: {fileID: 5836902946574611635}
  m_LocalRotation: {x: 0, y: -0, z: -0.9945539, w: 0.10422349}
  m_LocalPosition: {x: -0.36621663, y: -1.0871651, z: 0}
  m_LocalScale: {x: 1, y: 1, z: 1}
  m_Children:
  - {fileID: 5836902946125465044}
  - {fileID: 5453235921227559939}
  m_Father: {fileID: 5836902945554976639}
  m_RootOrder: 2
  m_LocalEulerAnglesHint: {x: 0, y: 0, z: 0}
--- !u!1001 &576763018271757523
PrefabInstance:
  m_ObjectHideFlags: 0
  serializedVersion: 2
  m_Modification:
    m_TransformParent: {fileID: 5836902945886935750}
    m_Modifications:
    - target: {fileID: 816271279096895082, guid: e5b822ee586b6cc469de70d337b658a8,
        type: 3}
      propertyPath: m_Name
      value: Blood
      objectReference: {fileID: 0}
    - target: {fileID: 816271279096895082, guid: e5b822ee586b6cc469de70d337b658a8,
        type: 3}
      propertyPath: m_Layer
      value: 9
      objectReference: {fileID: 0}
    - target: {fileID: 816271279096895085, guid: e5b822ee586b6cc469de70d337b658a8,
        type: 3}
      propertyPath: m_LocalPosition.x
      value: 0
      objectReference: {fileID: 0}
    - target: {fileID: 816271279096895085, guid: e5b822ee586b6cc469de70d337b658a8,
        type: 3}
      propertyPath: m_LocalPosition.y
      value: 0
      objectReference: {fileID: 0}
    - target: {fileID: 816271279096895085, guid: e5b822ee586b6cc469de70d337b658a8,
        type: 3}
      propertyPath: m_LocalPosition.z
      value: 0
      objectReference: {fileID: 0}
    - target: {fileID: 816271279096895085, guid: e5b822ee586b6cc469de70d337b658a8,
        type: 3}
      propertyPath: m_LocalRotation.x
      value: -0.7071068
      objectReference: {fileID: 0}
    - target: {fileID: 816271279096895085, guid: e5b822ee586b6cc469de70d337b658a8,
        type: 3}
      propertyPath: m_LocalRotation.y
      value: 0
      objectReference: {fileID: 0}
    - target: {fileID: 816271279096895085, guid: e5b822ee586b6cc469de70d337b658a8,
        type: 3}
      propertyPath: m_LocalRotation.z
      value: 0
      objectReference: {fileID: 0}
    - target: {fileID: 816271279096895085, guid: e5b822ee586b6cc469de70d337b658a8,
        type: 3}
      propertyPath: m_LocalRotation.w
      value: 0.7071068
      objectReference: {fileID: 0}
    - target: {fileID: 816271279096895085, guid: e5b822ee586b6cc469de70d337b658a8,
        type: 3}
      propertyPath: m_RootOrder
      value: 1
      objectReference: {fileID: 0}
    - target: {fileID: 816271279096895085, guid: e5b822ee586b6cc469de70d337b658a8,
        type: 3}
      propertyPath: m_LocalEulerAnglesHint.x
      value: -90
      objectReference: {fileID: 0}
    - target: {fileID: 816271279096895085, guid: e5b822ee586b6cc469de70d337b658a8,
        type: 3}
      propertyPath: m_LocalEulerAnglesHint.y
      value: 0
      objectReference: {fileID: 0}
    - target: {fileID: 816271279096895085, guid: e5b822ee586b6cc469de70d337b658a8,
        type: 3}
      propertyPath: m_LocalEulerAnglesHint.z
      value: 0
      objectReference: {fileID: 0}
    m_RemovedComponents: []
  m_SourcePrefab: {fileID: 100100000, guid: e5b822ee586b6cc469de70d337b658a8, type: 3}
--- !u!198 &239509433385157311 stripped
ParticleSystem:
  m_CorrespondingSourceObject: {fileID: 816271279096895084, guid: e5b822ee586b6cc469de70d337b658a8,
    type: 3}
  m_PrefabInstance: {fileID: 576763018271757523}
  m_PrefabAsset: {fileID: 0}
--- !u!4 &239509433385157310 stripped
Transform:
  m_CorrespondingSourceObject: {fileID: 816271279096895085, guid: e5b822ee586b6cc469de70d337b658a8,
    type: 3}
  m_PrefabInstance: {fileID: 576763018271757523}
  m_PrefabAsset: {fileID: 0}
--- !u!1001 &2547023717348804602
PrefabInstance:
  m_ObjectHideFlags: 0
  serializedVersion: 2
  m_Modification:
    m_TransformParent: {fileID: 5836902944774191974}
    m_Modifications:
    - target: {fileID: 816271279096895082, guid: e5b822ee586b6cc469de70d337b658a8,
        type: 3}
      propertyPath: m_Name
      value: Blood
      objectReference: {fileID: 0}
    - target: {fileID: 816271279096895082, guid: e5b822ee586b6cc469de70d337b658a8,
        type: 3}
      propertyPath: m_Layer
      value: 9
      objectReference: {fileID: 0}
    - target: {fileID: 816271279096895085, guid: e5b822ee586b6cc469de70d337b658a8,
        type: 3}
      propertyPath: m_LocalPosition.x
      value: 0
      objectReference: {fileID: 0}
    - target: {fileID: 816271279096895085, guid: e5b822ee586b6cc469de70d337b658a8,
        type: 3}
      propertyPath: m_LocalPosition.y
      value: 0
      objectReference: {fileID: 0}
    - target: {fileID: 816271279096895085, guid: e5b822ee586b6cc469de70d337b658a8,
        type: 3}
      propertyPath: m_LocalPosition.z
      value: 0
      objectReference: {fileID: 0}
    - target: {fileID: 816271279096895085, guid: e5b822ee586b6cc469de70d337b658a8,
        type: 3}
      propertyPath: m_LocalRotation.x
      value: -0.7071068
      objectReference: {fileID: 0}
    - target: {fileID: 816271279096895085, guid: e5b822ee586b6cc469de70d337b658a8,
        type: 3}
      propertyPath: m_LocalRotation.y
      value: 0
      objectReference: {fileID: 0}
    - target: {fileID: 816271279096895085, guid: e5b822ee586b6cc469de70d337b658a8,
        type: 3}
      propertyPath: m_LocalRotation.z
      value: 0
      objectReference: {fileID: 0}
    - target: {fileID: 816271279096895085, guid: e5b822ee586b6cc469de70d337b658a8,
        type: 3}
      propertyPath: m_LocalRotation.w
      value: 0.7071068
      objectReference: {fileID: 0}
    - target: {fileID: 816271279096895085, guid: e5b822ee586b6cc469de70d337b658a8,
        type: 3}
      propertyPath: m_RootOrder
      value: 1
      objectReference: {fileID: 0}
    - target: {fileID: 816271279096895085, guid: e5b822ee586b6cc469de70d337b658a8,
        type: 3}
      propertyPath: m_LocalEulerAnglesHint.x
      value: -90
      objectReference: {fileID: 0}
    - target: {fileID: 816271279096895085, guid: e5b822ee586b6cc469de70d337b658a8,
        type: 3}
      propertyPath: m_LocalEulerAnglesHint.y
      value: 0
      objectReference: {fileID: 0}
    - target: {fileID: 816271279096895085, guid: e5b822ee586b6cc469de70d337b658a8,
        type: 3}
      propertyPath: m_LocalEulerAnglesHint.z
      value: 0
      objectReference: {fileID: 0}
    m_RemovedComponents: []
  m_SourcePrefab: {fileID: 100100000, guid: e5b822ee586b6cc469de70d337b658a8, type: 3}
--- !u!198 &2885438421084311958 stripped
ParticleSystem:
  m_CorrespondingSourceObject: {fileID: 816271279096895084, guid: e5b822ee586b6cc469de70d337b658a8,
    type: 3}
  m_PrefabInstance: {fileID: 2547023717348804602}
  m_PrefabAsset: {fileID: 0}
--- !u!4 &2885438421084311959 stripped
Transform:
  m_CorrespondingSourceObject: {fileID: 816271279096895085, guid: e5b822ee586b6cc469de70d337b658a8,
    type: 3}
  m_PrefabInstance: {fileID: 2547023717348804602}
  m_PrefabAsset: {fileID: 0}
--- !u!1001 &2720679503773401503
PrefabInstance:
  m_ObjectHideFlags: 0
  serializedVersion: 2
  m_Modification:
    m_TransformParent: {fileID: 5836902945103716783}
    m_Modifications:
    - target: {fileID: 816271279096895082, guid: e5b822ee586b6cc469de70d337b658a8,
        type: 3}
      propertyPath: m_Name
      value: Blood
      objectReference: {fileID: 0}
    - target: {fileID: 816271279096895082, guid: e5b822ee586b6cc469de70d337b658a8,
        type: 3}
      propertyPath: m_Layer
      value: 9
      objectReference: {fileID: 0}
    - target: {fileID: 816271279096895085, guid: e5b822ee586b6cc469de70d337b658a8,
        type: 3}
      propertyPath: m_LocalPosition.x
      value: 0
      objectReference: {fileID: 0}
    - target: {fileID: 816271279096895085, guid: e5b822ee586b6cc469de70d337b658a8,
        type: 3}
      propertyPath: m_LocalPosition.y
      value: 0
      objectReference: {fileID: 0}
    - target: {fileID: 816271279096895085, guid: e5b822ee586b6cc469de70d337b658a8,
        type: 3}
      propertyPath: m_LocalPosition.z
      value: 0
      objectReference: {fileID: 0}
    - target: {fileID: 816271279096895085, guid: e5b822ee586b6cc469de70d337b658a8,
        type: 3}
      propertyPath: m_LocalRotation.x
      value: -0.7071068
      objectReference: {fileID: 0}
    - target: {fileID: 816271279096895085, guid: e5b822ee586b6cc469de70d337b658a8,
        type: 3}
      propertyPath: m_LocalRotation.y
      value: 0
      objectReference: {fileID: 0}
    - target: {fileID: 816271279096895085, guid: e5b822ee586b6cc469de70d337b658a8,
        type: 3}
      propertyPath: m_LocalRotation.z
      value: 0
      objectReference: {fileID: 0}
    - target: {fileID: 816271279096895085, guid: e5b822ee586b6cc469de70d337b658a8,
        type: 3}
      propertyPath: m_LocalRotation.w
      value: 0.7071068
      objectReference: {fileID: 0}
    - target: {fileID: 816271279096895085, guid: e5b822ee586b6cc469de70d337b658a8,
        type: 3}
      propertyPath: m_RootOrder
      value: 1
      objectReference: {fileID: 0}
    - target: {fileID: 816271279096895085, guid: e5b822ee586b6cc469de70d337b658a8,
        type: 3}
      propertyPath: m_LocalEulerAnglesHint.x
      value: -90
      objectReference: {fileID: 0}
    - target: {fileID: 816271279096895085, guid: e5b822ee586b6cc469de70d337b658a8,
        type: 3}
      propertyPath: m_LocalEulerAnglesHint.y
      value: 0
      objectReference: {fileID: 0}
    - target: {fileID: 816271279096895085, guid: e5b822ee586b6cc469de70d337b658a8,
        type: 3}
      propertyPath: m_LocalEulerAnglesHint.z
      value: 0
      objectReference: {fileID: 0}
    m_RemovedComponents: []
  m_SourcePrefab: {fileID: 100100000, guid: e5b822ee586b6cc469de70d337b658a8, type: 3}
--- !u!198 &3355799644787775475 stripped
ParticleSystem:
  m_CorrespondingSourceObject: {fileID: 816271279096895084, guid: e5b822ee586b6cc469de70d337b658a8,
    type: 3}
  m_PrefabInstance: {fileID: 2720679503773401503}
  m_PrefabAsset: {fileID: 0}
--- !u!4 &3355799644787775474 stripped
Transform:
  m_CorrespondingSourceObject: {fileID: 816271279096895085, guid: e5b822ee586b6cc469de70d337b658a8,
    type: 3}
  m_PrefabInstance: {fileID: 2720679503773401503}
  m_PrefabAsset: {fileID: 0}
--- !u!1001 &3931526475941471760
PrefabInstance:
  m_ObjectHideFlags: 0
  serializedVersion: 2
  m_Modification:
    m_TransformParent: {fileID: 5836902944857979553}
    m_Modifications:
    - target: {fileID: 816271279096895082, guid: e5b822ee586b6cc469de70d337b658a8,
        type: 3}
      propertyPath: m_Name
      value: Blood
      objectReference: {fileID: 0}
    - target: {fileID: 816271279096895082, guid: e5b822ee586b6cc469de70d337b658a8,
        type: 3}
      propertyPath: m_Layer
      value: 9
      objectReference: {fileID: 0}
    - target: {fileID: 816271279096895085, guid: e5b822ee586b6cc469de70d337b658a8,
        type: 3}
      propertyPath: m_LocalPosition.x
      value: 0
      objectReference: {fileID: 0}
    - target: {fileID: 816271279096895085, guid: e5b822ee586b6cc469de70d337b658a8,
        type: 3}
      propertyPath: m_LocalPosition.y
      value: 0
      objectReference: {fileID: 0}
    - target: {fileID: 816271279096895085, guid: e5b822ee586b6cc469de70d337b658a8,
        type: 3}
      propertyPath: m_LocalPosition.z
      value: 0
      objectReference: {fileID: 0}
    - target: {fileID: 816271279096895085, guid: e5b822ee586b6cc469de70d337b658a8,
        type: 3}
      propertyPath: m_LocalRotation.x
      value: -0.7071068
      objectReference: {fileID: 0}
    - target: {fileID: 816271279096895085, guid: e5b822ee586b6cc469de70d337b658a8,
        type: 3}
      propertyPath: m_LocalRotation.y
      value: 0
      objectReference: {fileID: 0}
    - target: {fileID: 816271279096895085, guid: e5b822ee586b6cc469de70d337b658a8,
        type: 3}
      propertyPath: m_LocalRotation.z
      value: 0
      objectReference: {fileID: 0}
    - target: {fileID: 816271279096895085, guid: e5b822ee586b6cc469de70d337b658a8,
        type: 3}
      propertyPath: m_LocalRotation.w
      value: 0.7071068
      objectReference: {fileID: 0}
    - target: {fileID: 816271279096895085, guid: e5b822ee586b6cc469de70d337b658a8,
        type: 3}
      propertyPath: m_RootOrder
      value: 1
      objectReference: {fileID: 0}
    - target: {fileID: 816271279096895085, guid: e5b822ee586b6cc469de70d337b658a8,
        type: 3}
      propertyPath: m_LocalEulerAnglesHint.x
      value: -90
      objectReference: {fileID: 0}
    - target: {fileID: 816271279096895085, guid: e5b822ee586b6cc469de70d337b658a8,
        type: 3}
      propertyPath: m_LocalEulerAnglesHint.y
      value: 0
      objectReference: {fileID: 0}
    - target: {fileID: 816271279096895085, guid: e5b822ee586b6cc469de70d337b658a8,
        type: 3}
      propertyPath: m_LocalEulerAnglesHint.z
      value: 0
      objectReference: {fileID: 0}
    m_RemovedComponents: []
  m_SourcePrefab: {fileID: 100100000, guid: e5b822ee586b6cc469de70d337b658a8, type: 3}
--- !u!198 &4457556584232677500 stripped
ParticleSystem:
  m_CorrespondingSourceObject: {fileID: 816271279096895084, guid: e5b822ee586b6cc469de70d337b658a8,
    type: 3}
  m_PrefabInstance: {fileID: 3931526475941471760}
  m_PrefabAsset: {fileID: 0}
--- !u!4 &4457556584232677501 stripped
Transform:
  m_CorrespondingSourceObject: {fileID: 816271279096895085, guid: e5b822ee586b6cc469de70d337b658a8,
    type: 3}
  m_PrefabInstance: {fileID: 3931526475941471760}
  m_PrefabAsset: {fileID: 0}
--- !u!1001 &4683237058784240238
PrefabInstance:
  m_ObjectHideFlags: 0
  serializedVersion: 2
  m_Modification:
    m_TransformParent: {fileID: 5836902946574611634}
    m_Modifications:
    - target: {fileID: 816271279096895082, guid: e5b822ee586b6cc469de70d337b658a8,
        type: 3}
      propertyPath: m_Name
      value: Blood
      objectReference: {fileID: 0}
    - target: {fileID: 816271279096895082, guid: e5b822ee586b6cc469de70d337b658a8,
        type: 3}
      propertyPath: m_Layer
      value: 9
      objectReference: {fileID: 0}
    - target: {fileID: 816271279096895085, guid: e5b822ee586b6cc469de70d337b658a8,
        type: 3}
      propertyPath: m_LocalPosition.x
      value: 0
      objectReference: {fileID: 0}
    - target: {fileID: 816271279096895085, guid: e5b822ee586b6cc469de70d337b658a8,
        type: 3}
      propertyPath: m_LocalPosition.y
      value: 0
      objectReference: {fileID: 0}
    - target: {fileID: 816271279096895085, guid: e5b822ee586b6cc469de70d337b658a8,
        type: 3}
      propertyPath: m_LocalPosition.z
      value: 0
      objectReference: {fileID: 0}
    - target: {fileID: 816271279096895085, guid: e5b822ee586b6cc469de70d337b658a8,
        type: 3}
      propertyPath: m_LocalRotation.x
      value: -0.7071068
      objectReference: {fileID: 0}
    - target: {fileID: 816271279096895085, guid: e5b822ee586b6cc469de70d337b658a8,
        type: 3}
      propertyPath: m_LocalRotation.y
      value: 0
      objectReference: {fileID: 0}
    - target: {fileID: 816271279096895085, guid: e5b822ee586b6cc469de70d337b658a8,
        type: 3}
      propertyPath: m_LocalRotation.z
      value: 0
      objectReference: {fileID: 0}
    - target: {fileID: 816271279096895085, guid: e5b822ee586b6cc469de70d337b658a8,
        type: 3}
      propertyPath: m_LocalRotation.w
      value: 0.7071068
      objectReference: {fileID: 0}
    - target: {fileID: 816271279096895085, guid: e5b822ee586b6cc469de70d337b658a8,
        type: 3}
      propertyPath: m_RootOrder
      value: 1
      objectReference: {fileID: 0}
    - target: {fileID: 816271279096895085, guid: e5b822ee586b6cc469de70d337b658a8,
        type: 3}
      propertyPath: m_LocalEulerAnglesHint.x
      value: -90
      objectReference: {fileID: 0}
    - target: {fileID: 816271279096895085, guid: e5b822ee586b6cc469de70d337b658a8,
        type: 3}
      propertyPath: m_LocalEulerAnglesHint.y
      value: 0
      objectReference: {fileID: 0}
    - target: {fileID: 816271279096895085, guid: e5b822ee586b6cc469de70d337b658a8,
        type: 3}
      propertyPath: m_LocalEulerAnglesHint.z
      value: 0
      objectReference: {fileID: 0}
    m_RemovedComponents: []
  m_SourcePrefab: {fileID: 100100000, guid: e5b822ee586b6cc469de70d337b658a8, type: 3}
--- !u!4 &5453235921227559939 stripped
Transform:
  m_CorrespondingSourceObject: {fileID: 816271279096895085, guid: e5b822ee586b6cc469de70d337b658a8,
    type: 3}
  m_PrefabInstance: {fileID: 4683237058784240238}
  m_PrefabAsset: {fileID: 0}
--- !u!198 &5453235921227559938 stripped
ParticleSystem:
  m_CorrespondingSourceObject: {fileID: 816271279096895084, guid: e5b822ee586b6cc469de70d337b658a8,
    type: 3}
  m_PrefabInstance: {fileID: 4683237058784240238}
  m_PrefabAsset: {fileID: 0}
