%YAML 1.1
%TAG !u! tag:unity3d.com,2011:
--- !u!1 &8383448075872596895
GameObject:
  m_ObjectHideFlags: 0
  m_CorrespondingSourceObject: {fileID: 0}
  m_PrefabInstance: {fileID: 0}
  m_PrefabAsset: {fileID: 0}
  serializedVersion: 6
  m_Component:
  - component: {fileID: 8383448075872596892}
  - component: {fileID: 8383448075872596893}
  m_Layer: 9
  m_Name: bone_13
  m_TagString: Untagged
  m_Icon: {fileID: 0}
  m_NavMeshLayer: 0
  m_StaticEditorFlags: 0
  m_IsActive: 1
--- !u!4 &8383448075872596892
Transform:
  m_ObjectHideFlags: 0
  m_CorrespondingSourceObject: {fileID: 0}
  m_PrefabInstance: {fileID: 0}
  m_PrefabAsset: {fileID: 0}
  m_GameObject: {fileID: 8383448075872596895}
  m_LocalRotation: {x: 0, y: 0, z: -0.72537804, w: 0.6883508}
  m_LocalPosition: {x: 0.55349046, y: -0.000000107777396, z: 0}
  m_LocalScale: {x: 1, y: 1, z: 1}
  m_Children: []
  m_Father: {fileID: 8383448076047354711}
  m_RootOrder: 0
  m_LocalEulerAnglesHint: {x: 0, y: 0, z: 0}
--- !u!70 &8383448075872596893
CapsuleCollider2D:
  m_ObjectHideFlags: 0
  m_CorrespondingSourceObject: {fileID: 0}
  m_PrefabInstance: {fileID: 0}
  m_PrefabAsset: {fileID: 0}
  m_GameObject: {fileID: 8383448075872596895}
  m_Enabled: 1
  m_Density: 1
  m_Material: {fileID: 0}
  m_IsTrigger: 0
  m_UsedByEffector: 0
  m_UsedByComposite: 0
  m_Offset: {x: 0.13143238, y: -0.019540569}
  m_Size: {x: 0.5073088, y: 0.19559622}
  m_Direction: 1
--- !u!1 &8383448076047354710
GameObject:
  m_ObjectHideFlags: 0
  m_CorrespondingSourceObject: {fileID: 0}
  m_PrefabInstance: {fileID: 0}
  m_PrefabAsset: {fileID: 0}
  serializedVersion: 6
  m_Component:
  - component: {fileID: 8383448076047354711}
  - component: {fileID: 728973736513120861}
  m_Layer: 9
  m_Name: bone_12
  m_TagString: Untagged
  m_Icon: {fileID: 0}
  m_NavMeshLayer: 0
  m_StaticEditorFlags: 0
  m_IsActive: 1
--- !u!4 &8383448076047354711
Transform:
  m_ObjectHideFlags: 0
  m_CorrespondingSourceObject: {fileID: 0}
  m_PrefabInstance: {fileID: 0}
  m_PrefabAsset: {fileID: 0}
  m_GameObject: {fileID: 8383448076047354710}
  m_LocalRotation: {x: -0, y: -0, z: 0.27129078, w: 0.9624975}
  m_LocalPosition: {x: 0.6433211, y: 0.00000044074687, z: 0}
  m_LocalScale: {x: 1, y: 1, z: 1}
  m_Children:
  - {fileID: 8383448075872596892}
  m_Father: {fileID: 8383448077695141807}
  m_RootOrder: 0
  m_LocalEulerAnglesHint: {x: 0, y: 0, z: 31.482002}
--- !u!70 &728973736513120861
CapsuleCollider2D:
  m_ObjectHideFlags: 0
  m_CorrespondingSourceObject: {fileID: 0}
  m_PrefabInstance: {fileID: 0}
  m_PrefabAsset: {fileID: 0}
  m_GameObject: {fileID: 8383448076047354710}
  m_Enabled: 1
  m_Density: 1
  m_Material: {fileID: 0}
  m_IsTrigger: 0
  m_UsedByEffector: 0
  m_UsedByComposite: 0
  m_Offset: {x: 0.14, y: 0.00901513}
  m_Size: {x: 0.61, y: 0.33081442}
  m_Direction: 1
--- !u!1 &8383448076270336432
GameObject:
  m_ObjectHideFlags: 0
  m_CorrespondingSourceObject: {fileID: 0}
  m_PrefabInstance: {fileID: 0}
  m_PrefabAsset: {fileID: 0}
  serializedVersion: 6
  m_Component:
  - component: {fileID: 8383448076270336433}
  - component: {fileID: 1534849131927979069}
  m_Layer: 9
  m_Name: righthand
  m_TagString: Untagged
  m_Icon: {fileID: 0}
  m_NavMeshLayer: 0
  m_StaticEditorFlags: 0
  m_IsActive: 1
--- !u!4 &8383448076270336433
Transform:
  m_ObjectHideFlags: 0
  m_CorrespondingSourceObject: {fileID: 0}
  m_PrefabInstance: {fileID: 0}
  m_PrefabAsset: {fileID: 0}
  m_GameObject: {fileID: 8383448076270336432}
  m_LocalRotation: {x: -0, y: -0, z: 0.99774635, w: 0.06709879}
  m_LocalPosition: {x: 1.2342126, y: 0.15381575, z: 0}
  m_LocalScale: {x: 1, y: 1, z: 1}
  m_Children:
  - {fileID: 8383448077576282340}
  - {fileID: 9152449124686505273}
  m_Father: {fileID: 8383448076445820918}
  m_RootOrder: 1
  m_LocalEulerAnglesHint: {x: 0, y: 0, z: 172.30501}
--- !u!70 &1534849131927979069
CapsuleCollider2D:
  m_ObjectHideFlags: 0
  m_CorrespondingSourceObject: {fileID: 0}
  m_PrefabInstance: {fileID: 0}
  m_PrefabAsset: {fileID: 0}
  m_GameObject: {fileID: 8383448076270336432}
  m_Enabled: 1
  m_Density: 1
  m_Material: {fileID: 0}
  m_IsTrigger: 0
  m_UsedByEffector: 0
  m_UsedByComposite: 0
  m_Offset: {x: 0.14906517, y: 0.0018416276}
  m_Size: {x: 0.4383084, y: 0.10427245}
  m_Direction: 1
--- !u!1 &8383448076364897861
GameObject:
  m_ObjectHideFlags: 0
  m_CorrespondingSourceObject: {fileID: 0}
  m_PrefabInstance: {fileID: 0}
  m_PrefabAsset: {fileID: 0}
  serializedVersion: 6
  m_Component:
  - component: {fileID: 8383448076364897880}
  - component: {fileID: 8383448076364897883}
  - component: {fileID: 8383448076364897882}
  - component: {fileID: 8383448076364897887}
  - component: {fileID: 8383448076364897886}
  - component: {fileID: 8383448076364897881}
  - component: {fileID: 8383448076364897884}
  m_Layer: 9
  m_Name: G_Zombie_7
  m_TagString: Zombie
  m_Icon: {fileID: 0}
  m_NavMeshLayer: 0
  m_StaticEditorFlags: 0
  m_IsActive: 1
--- !u!4 &8383448076364897880
Transform:
  m_ObjectHideFlags: 0
  m_CorrespondingSourceObject: {fileID: 0}
  m_PrefabInstance: {fileID: 0}
  m_PrefabAsset: {fileID: 0}
  m_GameObject: {fileID: 8383448076364897861}
  m_LocalRotation: {x: 0, y: 0, z: 0, w: 1}
  m_LocalPosition: {x: 0, y: 0, z: 0}
  m_LocalScale: {x: 1.5465527, y: 1.5465527, z: 1.5465527}
  m_Children:
  - {fileID: 8383448076445820918}
  m_Father: {fileID: 0}
  m_RootOrder: 0
  m_LocalEulerAnglesHint: {x: 0, y: 0, z: 0}
--- !u!212 &8383448076364897883
SpriteRenderer:
  m_ObjectHideFlags: 0
  m_CorrespondingSourceObject: {fileID: 0}
  m_PrefabInstance: {fileID: 0}
  m_PrefabAsset: {fileID: 0}
  m_GameObject: {fileID: 8383448076364897861}
  m_Enabled: 1
  m_CastShadows: 0
  m_ReceiveShadows: 0
  m_DynamicOccludee: 1
  m_MotionVectors: 1
  m_LightProbeUsage: 1
  m_ReflectionProbeUsage: 1
  m_RenderingLayerMask: 1
  m_RendererPriority: 0
  m_Materials:
  - {fileID: 10754, guid: 0000000000000000f000000000000000, type: 0}
  m_StaticBatchInfo:
    firstSubMesh: 0
    subMeshCount: 0
  m_StaticBatchRoot: {fileID: 0}
  m_ProbeAnchor: {fileID: 0}
  m_LightProbeVolumeOverride: {fileID: 0}
  m_ScaleInLightmap: 1
  m_PreserveUVs: 0
  m_IgnoreNormalsForChartDetection: 0
  m_ImportantGI: 0
  m_StitchLightmapSeams: 0
  m_SelectedEditorRenderState: 0
  m_MinimumChartSize: 4
  m_AutoUVMaxDistance: 0.5
  m_AutoUVMaxAngle: 89
  m_LightmapParameters: {fileID: 0}
  m_SortingLayerID: 1240861527
  m_SortingLayer: 1
  m_SortingOrder: 0
  m_Sprite: {fileID: 21300000, guid: 352129507f0280d4c894477fd2326095, type: 3}
  m_Color: {r: 1, g: 1, b: 1, a: 1}
  m_FlipX: 0
  m_FlipY: 0
  m_DrawMode: 0
  m_Size: {x: 5.12, y: 5.52}
  m_AdaptiveModeThreshold: 0.5
  m_SpriteTileMode: 0
  m_WasSpriteAssigned: 1
  m_MaskInteraction: 0
  m_SpriteSortPoint: 0
--- !u!114 &8383448076364897882
MonoBehaviour:
  m_ObjectHideFlags: 0
  m_CorrespondingSourceObject: {fileID: 0}
  m_PrefabInstance: {fileID: 0}
  m_PrefabAsset: {fileID: 0}
  m_GameObject: {fileID: 8383448076364897861}
  m_Enabled: 1
  m_EditorHideFlags: 0
  m_Script: {fileID: 11500000, guid: 57c008f954fe54a8bb972de1018a2cb8, type: 3}
  m_Name: 
  m_EditorClassIdentifier: 
  m_RootBone: {fileID: 8383448076445820918}
  m_BoneTransforms:
  - {fileID: 8383448076445820918}
  - {fileID: 8383448076748331621}
  - {fileID: 8383448076270336433}
  - {fileID: 8383448077576282340}
  - {fileID: 8383448077246052325}
  - {fileID: 8383448077765134464}
  - {fileID: 8383448076405296261}
  - {fileID: 8383448076409268438}
  - {fileID: 8383448076590750415}
  - {fileID: 8383448076469589285}
  - {fileID: 8383448077695141807}
  - {fileID: 8383448076047354711}
  - {fileID: 8383448075872596892}
  m_Bounds:
    m_Center: {x: 1.1241649, y: 0.22154307, z: 0}
    m_Extent: {x: 3.4010153, y: 3.1758854, z: 0}
--- !u!95 &8383448076364897887
Animator:
  serializedVersion: 3
  m_ObjectHideFlags: 0
  m_CorrespondingSourceObject: {fileID: 0}
  m_PrefabInstance: {fileID: 0}
  m_PrefabAsset: {fileID: 0}
  m_GameObject: {fileID: 8383448076364897861}
  m_Enabled: 1
  m_Avatar: {fileID: 0}
  m_Controller: {fileID: 9100000, guid: f0995610d32a8624fb20fd5344eab213, type: 2}
  m_CullingMode: 0
  m_UpdateMode: 0
  m_ApplyRootMotion: 0
  m_LinearVelocityBlending: 0
  m_WarningMessage: 
  m_HasTransformHierarchy: 1
  m_AllowConstantClipSamplingOptimization: 1
  m_KeepAnimatorControllerStateOnDisable: 0
--- !u!70 &8383448076364897886
CapsuleCollider2D:
  m_ObjectHideFlags: 0
  m_CorrespondingSourceObject: {fileID: 0}
  m_PrefabInstance: {fileID: 0}
  m_PrefabAsset: {fileID: 0}
  m_GameObject: {fileID: 8383448076364897861}
  m_Enabled: 1
  m_Density: 1
  m_Material: {fileID: 0}
  m_IsTrigger: 0
  m_UsedByEffector: 0
  m_UsedByComposite: 0
  m_Offset: {x: -0.01, y: 0.37377143}
  m_Size: {x: 1.2997265, y: 4.0855336}
  m_Direction: 0
--- !u!50 &8383448076364897881
Rigidbody2D:
  serializedVersion: 4
  m_ObjectHideFlags: 0
  m_CorrespondingSourceObject: {fileID: 0}
  m_PrefabInstance: {fileID: 0}
  m_PrefabAsset: {fileID: 0}
  m_GameObject: {fileID: 8383448076364897861}
  m_BodyType: 0
  m_Simulated: 1
  m_UseFullKinematicContacts: 0
  m_UseAutoMass: 0
  m_Mass: 1.5
  m_LinearDrag: 0
  m_AngularDrag: 0.05
  m_GravityScale: 1
  m_Material: {fileID: 0}
  m_Interpolate: 0
  m_SleepingMode: 1
  m_CollisionDetection: 0
  m_Constraints: 4
--- !u!114 &8383448076364897884
MonoBehaviour:
  m_ObjectHideFlags: 0
  m_CorrespondingSourceObject: {fileID: 0}
  m_PrefabInstance: {fileID: 0}
  m_PrefabAsset: {fileID: 0}
  m_GameObject: {fileID: 8383448076364897861}
  m_Enabled: 1
  m_EditorHideFlags: 0
  m_Script: {fileID: 11500000, guid: 679e983f8883d07428d084e4ee93f683, type: 3}
  m_Name: 
  m_EditorClassIdentifier: 
  Zombianimators: {fileID: 0}
  myCars: {fileID: 0}
  ZombieLife: 100
  zombieBody: {fileID: 8383448076445820913}
  zombieHead: {fileID: 8383448076748331620}
  zombieHandLeft: {fileID: 8383448077765134467}
  zombieHandRight: {fileID: 8383448076270336432}
  zombieLegRight: {fileID: 8383448076409268433}
  zombieLegLeft: {fileID: 8383448077695141806}
  BloodPartical:
  - {fileID: 9152449125390717349}
  - {fileID: 9152449124686505272}
  - {fileID: 9152449124789679051}
  - {fileID: 9152449124789679051}
  - {fileID: 9152449125396334347}
  mycarRigidbody: {fileID: 0}
  selfRigidbody: {fileID: 0}
  zombieHeadRigidbody: {fileID: 0}
  zombieHandLeftRigidbody: {fileID: 0}
  zombieHandRightRigidbody: {fileID: 0}
  zombieLegRightRigidbody: {fileID: 0}
  zombieLegLeftRigidbody: {fileID: 0}
  zombieBodyRigidbody: {fileID: 0}
  displace: 0
  soundflag: 0
  inrange: 0
  attackdistance: 2
  zombipkosition: 0
  carposition: 0
  gholder: 0
  zombieDeathTime: 0
  speed: 10
  zombie: []
  bonCrack: {fileID: 0}
--- !u!1 &8383448076405296260
GameObject:
  m_ObjectHideFlags: 0
  m_CorrespondingSourceObject: {fileID: 0}
  m_PrefabInstance: {fileID: 0}
  m_PrefabAsset: {fileID: 0}
  serializedVersion: 6
  m_Component:
  - component: {fileID: 8383448076405296261}
  - component: {fileID: 6108867439660078177}
  m_Layer: 9
  m_Name: bone_7
  m_TagString: Untagged
  m_Icon: {fileID: 0}
  m_NavMeshLayer: 0
  m_StaticEditorFlags: 0
  m_IsActive: 1
--- !u!4 &8383448076405296261
Transform:
  m_ObjectHideFlags: 0
  m_CorrespondingSourceObject: {fileID: 0}
  m_PrefabInstance: {fileID: 0}
  m_PrefabAsset: {fileID: 0}
  m_GameObject: {fileID: 8383448076405296260}
  m_LocalRotation: {x: 0, y: 0, z: -0.31259125, w: 0.9498878}
  m_LocalPosition: {x: 0.6539157, y: -0.00000024472106, z: 0}
  m_LocalScale: {x: 1, y: 1, z: 1}
  m_Children: []
  m_Father: {fileID: 8383448077765134464}
  m_RootOrder: 0
  m_LocalEulerAnglesHint: {x: 0, y: 0, z: 0}
--- !u!58 &6108867439660078177
CircleCollider2D:
  m_ObjectHideFlags: 0
  m_CorrespondingSourceObject: {fileID: 0}
  m_PrefabInstance: {fileID: 0}
  m_PrefabAsset: {fileID: 0}
  m_GameObject: {fileID: 8383448076405296260}
  m_Enabled: 1
  m_Density: 1
  m_Material: {fileID: 0}
  m_IsTrigger: 0
  m_UsedByEffector: 0
  m_UsedByComposite: 0
  m_Offset: {x: 0.6, y: 0}
  serializedVersion: 2
  m_Radius: 0.33
--- !u!1 &8383448076409268433
GameObject:
  m_ObjectHideFlags: 0
  m_CorrespondingSourceObject: {fileID: 0}
  m_PrefabInstance: {fileID: 0}
  m_PrefabAsset: {fileID: 0}
  serializedVersion: 6
  m_Component:
  - component: {fileID: 8383448076409268438}
  - component: {fileID: 2873518089180185742}
  m_Layer: 9
  m_Name: rightleg
  m_TagString: Untagged
  m_Icon: {fileID: 0}
  m_NavMeshLayer: 0
  m_StaticEditorFlags: 0
  m_IsActive: 1
--- !u!4 &8383448076409268438
Transform:
  m_ObjectHideFlags: 0
  m_CorrespondingSourceObject: {fileID: 0}
  m_PrefabInstance: {fileID: 0}
  m_PrefabAsset: {fileID: 0}
  m_GameObject: {fileID: 8383448076409268433}
  m_LocalRotation: {x: -0, y: -0, z: 0.95073867, w: 0.30999348}
  m_LocalPosition: {x: 0.15748489, y: 0.14265205, z: 0}
  m_LocalScale: {x: 1, y: 1, z: 1}
  m_Children:
  - {fileID: 8383448076590750415}
  - {fileID: 9152449125396334346}
  m_Father: {fileID: 8383448076445820918}
  m_RootOrder: 3
  m_LocalEulerAnglesHint: {x: 0, y: 0, z: 143.882}
--- !u!70 &2873518089180185742
CapsuleCollider2D:
  m_ObjectHideFlags: 0
  m_CorrespondingSourceObject: {fileID: 0}
  m_PrefabInstance: {fileID: 0}
  m_PrefabAsset: {fileID: 0}
  m_GameObject: {fileID: 8383448076409268433}
  m_Enabled: 1
  m_Density: 1
  m_Material: {fileID: 0}
  m_IsTrigger: 0
  m_UsedByEffector: 0
  m_UsedByComposite: 0
  m_Offset: {x: 0.32, y: 0}
  m_Size: {x: 0.62, y: 0.21}
  m_Direction: 1
--- !u!1 &8383448076445820913
GameObject:
  m_ObjectHideFlags: 0
  m_CorrespondingSourceObject: {fileID: 0}
  m_PrefabInstance: {fileID: 0}
  m_PrefabAsset: {fileID: 0}
  serializedVersion: 6
  m_Component:
  - component: {fileID: 8383448076445820918}
  - component: {fileID: 1132119341701435221}
  m_Layer: 9
  m_Name: body
  m_TagString: Untagged
  m_Icon: {fileID: 0}
  m_NavMeshLayer: 0
  m_StaticEditorFlags: 0
  m_IsActive: 1
--- !u!4 &8383448076445820918
Transform:
  m_ObjectHideFlags: 0
  m_CorrespondingSourceObject: {fileID: 0}
  m_PrefabInstance: {fileID: 0}
  m_PrefabAsset: {fileID: 0}
  m_GameObject: {fileID: 8383448076445820913}
  m_LocalRotation: {x: 0, y: 0, z: 0.6886821, w: 0.72506344}
  m_LocalPosition: {x: 0.17464447, y: -1.1088527, z: 0}
  m_LocalScale: {x: 1, y: 1, z: 1}
  m_Children:
  - {fileID: 8383448076748331621}
  - {fileID: 8383448076270336433}
  - {fileID: 8383448077765134464}
  - {fileID: 8383448076409268438}
  - {fileID: 8383448077695141807}
  m_Father: {fileID: 8383448076364897880}
  m_RootOrder: 0
  m_LocalEulerAnglesHint: {x: 0, y: 0, z: 0}
--- !u!70 &1132119341701435221
CapsuleCollider2D:
  m_ObjectHideFlags: 0
  m_CorrespondingSourceObject: {fileID: 0}
  m_PrefabInstance: {fileID: 0}
  m_PrefabAsset: {fileID: 0}
  m_GameObject: {fileID: 8383448076445820913}
  m_Enabled: 1
  m_Density: 1
  m_Material: {fileID: 0}
  m_IsTrigger: 0
  m_UsedByEffector: 0
  m_UsedByComposite: 0
  m_Offset: {x: 0.79, y: 0}
  m_Size: {x: 1.52, y: 1.13}
  m_Direction: 1
--- !u!1 &8383448076469589284
GameObject:
  m_ObjectHideFlags: 0
  m_CorrespondingSourceObject: {fileID: 0}
  m_PrefabInstance: {fileID: 0}
  m_PrefabAsset: {fileID: 0}
  serializedVersion: 6
  m_Component:
  - component: {fileID: 8383448076469589285}
  - component: {fileID: 8383448076469589306}
  m_Layer: 9
  m_Name: bone_10
  m_TagString: Untagged
  m_Icon: {fileID: 0}
  m_NavMeshLayer: 0
  m_StaticEditorFlags: 0
  m_IsActive: 1
--- !u!4 &8383448076469589285
Transform:
  m_ObjectHideFlags: 0
  m_CorrespondingSourceObject: {fileID: 0}
  m_PrefabInstance: {fileID: 0}
  m_PrefabAsset: {fileID: 0}
  m_GameObject: {fileID: 8383448076469589284}
  m_LocalRotation: {x: 0, y: 0, z: -0.73692274, w: 0.67597705}
  m_LocalPosition: {x: 0.4050251, y: -0.00000011284413, z: 0}
  m_LocalScale: {x: 1, y: 1, z: 1}
  m_Children: []
  m_Father: {fileID: 8383448076590750415}
  m_RootOrder: 0
  m_LocalEulerAnglesHint: {x: 0, y: 0, z: 0}
--- !u!70 &8383448076469589306
CapsuleCollider2D:
  m_ObjectHideFlags: 0
  m_CorrespondingSourceObject: {fileID: 0}
  m_PrefabInstance: {fileID: 0}
  m_PrefabAsset: {fileID: 0}
  m_GameObject: {fileID: 8383448076469589284}
  m_Enabled: 1
  m_Density: 1
  m_Material: {fileID: 0}
  m_IsTrigger: 0
  m_UsedByEffector: 0
  m_UsedByComposite: 0
  m_Offset: {x: 0.13306029, y: -0.006161492}
  m_Size: {x: 0.51209605, y: 0.15413576}
  m_Direction: 1
--- !u!1 &8383448076590750414
GameObject:
  m_ObjectHideFlags: 0
  m_CorrespondingSourceObject: {fileID: 0}
  m_PrefabInstance: {fileID: 0}
  m_PrefabAsset: {fileID: 0}
  serializedVersion: 6
  m_Component:
  - component: {fileID: 8383448076590750415}
  - component: {fileID: 4060861471441312098}
  m_Layer: 9
  m_Name: bone_9
  m_TagString: Untagged
  m_Icon: {fileID: 0}
  m_NavMeshLayer: 0
  m_StaticEditorFlags: 0
  m_IsActive: 1
--- !u!4 &8383448076590750415
Transform:
  m_ObjectHideFlags: 0
  m_CorrespondingSourceObject: {fileID: 0}
  m_PrefabInstance: {fileID: 0}
  m_PrefabAsset: {fileID: 0}
  m_GameObject: {fileID: 8383448076590750414}
  m_LocalRotation: {x: -0, y: -0, z: 0.41823912, w: 0.908337}
  m_LocalPosition: {x: 0.6341278, y: 0.0000000765327, z: 0}
  m_LocalScale: {x: 1, y: 1, z: 1}
  m_Children:
  - {fileID: 8383448076469589285}
  m_Father: {fileID: 8383448076409268438}
  m_RootOrder: 0
  m_LocalEulerAnglesHint: {x: 0, y: 0, z: 49.447002}
--- !u!70 &4060861471441312098
CapsuleCollider2D:
  m_ObjectHideFlags: 0
  m_CorrespondingSourceObject: {fileID: 0}
  m_PrefabInstance: {fileID: 0}
  m_PrefabAsset: {fileID: 0}
  m_GameObject: {fileID: 8383448076590750414}
  m_Enabled: 1
  m_Density: 1
  m_Material: {fileID: 0}
  m_IsTrigger: 0
  m_UsedByEffector: 0
  m_UsedByComposite: 0
  m_Offset: {x: 0.11, y: 0}
  m_Size: {x: 0.53, y: 0.32}
  m_Direction: 1
--- !u!1 &8383448076748331620
GameObject:
  m_ObjectHideFlags: 0
  m_CorrespondingSourceObject: {fileID: 0}
  m_PrefabInstance: {fileID: 0}
  m_PrefabAsset: {fileID: 0}
  serializedVersion: 6
  m_Component:
  - component: {fileID: 8383448076748331621}
  - component: {fileID: 651532755669272730}
  m_Layer: 9
  m_Name: head
  m_TagString: Untagged
  m_Icon: {fileID: 0}
  m_NavMeshLayer: 0
  m_StaticEditorFlags: 0
  m_IsActive: 1
--- !u!4 &8383448076748331621
Transform:
  m_ObjectHideFlags: 0
  m_CorrespondingSourceObject: {fileID: 0}
  m_PrefabInstance: {fileID: 0}
  m_PrefabAsset: {fileID: 0}
  m_GameObject: {fileID: 8383448076748331620}
  m_LocalRotation: {x: 0, y: 0, z: 0.061662786, w: 0.99809706}
  m_LocalPosition: {x: 1.5915973, y: 0.21272087, z: 0}
  m_LocalScale: {x: 1, y: 1, z: 1}
  m_Children:
  - {fileID: 9152449125390717348}
  m_Father: {fileID: 8383448076445820918}
  m_RootOrder: 0
  m_LocalEulerAnglesHint: {x: 0, y: 0, z: 0}
--- !u!70 &651532755669272730
CapsuleCollider2D:
  m_ObjectHideFlags: 0
  m_CorrespondingSourceObject: {fileID: 0}
  m_PrefabInstance: {fileID: 0}
  m_PrefabAsset: {fileID: 0}
  m_GameObject: {fileID: 8383448076748331620}
  m_Enabled: 1
  m_Density: 1
  m_Material: {fileID: 0}
  m_IsTrigger: 0
  m_UsedByEffector: 0
  m_UsedByComposite: 0
  m_Offset: {x: 0.87, y: -0.02}
  m_Size: {x: 1.59, y: 1.06}
  m_Direction: 0
--- !u!1 &8383448077246052324
GameObject:
  m_ObjectHideFlags: 0
  m_CorrespondingSourceObject: {fileID: 0}
  m_PrefabInstance: {fileID: 0}
  m_PrefabAsset: {fileID: 0}
  serializedVersion: 6
  m_Component:
  - component: {fileID: 8383448077246052325}
  - component: {fileID: 3477056033018061007}
  m_Layer: 9
  m_Name: bone_5
  m_TagString: Untagged
  m_Icon: {fileID: 0}
  m_NavMeshLayer: 0
  m_StaticEditorFlags: 0
  m_IsActive: 1
--- !u!4 &8383448077246052325
Transform:
  m_ObjectHideFlags: 0
  m_CorrespondingSourceObject: {fileID: 0}
  m_PrefabInstance: {fileID: 0}
  m_PrefabAsset: {fileID: 0}
  m_GameObject: {fileID: 8383448077246052324}
  m_LocalRotation: {x: 0, y: 0, z: -0.08434692, w: 0.99643654}
  m_LocalPosition: {x: 0.43478027, y: -0.00000004707131, z: 0}
  m_LocalScale: {x: 1, y: 1, z: 1}
  m_Children: []
  m_Father: {fileID: 8383448077576282340}
  m_RootOrder: 0
  m_LocalEulerAnglesHint: {x: 0, y: 0, z: 0}
--- !u!58 &3477056033018061007
CircleCollider2D:
  m_ObjectHideFlags: 0
  m_CorrespondingSourceObject: {fileID: 0}
  m_PrefabInstance: {fileID: 0}
  m_PrefabAsset: {fileID: 0}
  m_GameObject: {fileID: 8383448077246052324}
  m_Enabled: 1
  m_Density: 1
  m_Material: {fileID: 0}
  m_IsTrigger: 0
  m_UsedByEffector: 0
  m_UsedByComposite: 0
  m_Offset: {x: 0.43, y: 0}
  serializedVersion: 2
  m_Radius: 0.26
--- !u!1 &8383448077576282343
GameObject:
  m_ObjectHideFlags: 0
  m_CorrespondingSourceObject: {fileID: 0}
  m_PrefabInstance: {fileID: 0}
  m_PrefabAsset: {fileID: 0}
  serializedVersion: 6
  m_Component:
  - component: {fileID: 8383448077576282340}
  - component: {fileID: 6251860399428048255}
  m_Layer: 9
  m_Name: bone_4
  m_TagString: Untagged
  m_Icon: {fileID: 0}
  m_NavMeshLayer: 0
  m_StaticEditorFlags: 0
  m_IsActive: 1
--- !u!4 &8383448077576282340
Transform:
  m_ObjectHideFlags: 0
  m_CorrespondingSourceObject: {fileID: 0}
  m_PrefabInstance: {fileID: 0}
  m_PrefabAsset: {fileID: 0}
  m_GameObject: {fileID: 8383448077576282343}
  m_LocalRotation: {x: -0, y: -0, z: -0.37478167, w: 0.9271131}
  m_LocalPosition: {x: 0.33829606, y: -0.000000102127125, z: 0}
  m_LocalScale: {x: 1, y: 1, z: 1}
  m_Children:
  - {fileID: 8383448077246052325}
  m_Father: {fileID: 8383448076270336433}
  m_RootOrder: 0
  m_LocalEulerAnglesHint: {x: 0, y: 0, z: -44.022003}
--- !u!70 &6251860399428048255
CapsuleCollider2D:
  m_ObjectHideFlags: 0
  m_CorrespondingSourceObject: {fileID: 0}
  m_PrefabInstance: {fileID: 0}
  m_PrefabAsset: {fileID: 0}
  m_GameObject: {fileID: 8383448077576282343}
  m_Enabled: 1
  m_Density: 1
  m_Material: {fileID: 0}
  m_IsTrigger: 0
  m_UsedByEffector: 0
  m_UsedByComposite: 0
  m_Offset: {x: 0.21, y: 0}
  m_Size: {x: 0.52, y: 0.18}
  m_Direction: 1
--- !u!1 &8383448077695141806
GameObject:
  m_ObjectHideFlags: 0
  m_CorrespondingSourceObject: {fileID: 0}
  m_PrefabInstance: {fileID: 0}
  m_PrefabAsset: {fileID: 0}
  serializedVersion: 6
  m_Component:
  - component: {fileID: 8383448077695141807}
  - component: {fileID: 3181160704087529009}
  m_Layer: 9
  m_Name: lefttleg
  m_TagString: Untagged
  m_Icon: {fileID: 0}
  m_NavMeshLayer: 0
  m_StaticEditorFlags: 0
  m_IsActive: 1
--- !u!4 &8383448077695141807
Transform:
  m_ObjectHideFlags: 0
  m_CorrespondingSourceObject: {fileID: 0}
  m_PrefabInstance: {fileID: 0}
  m_PrefabAsset: {fileID: 0}
  m_GameObject: {fileID: 8383448077695141806}
  m_LocalRotation: {x: -0, y: -0, z: 0.99560696, w: -0.09363075}
  m_LocalPosition: {x: 0.24526805, y: -0.30890352, z: 0}
  m_LocalScale: {x: 1, y: 1, z: 1}
  m_Children:
  - {fileID: 8383448076047354711}
  - {fileID: 9152449124589235072}
  m_Father: {fileID: 8383448076445820918}
  m_RootOrder: 4
  m_LocalEulerAnglesHint: {x: 0, y: 0, z: 190.745}
--- !u!70 &3181160704087529009
CapsuleCollider2D:
  m_ObjectHideFlags: 0
  m_CorrespondingSourceObject: {fileID: 0}
  m_PrefabInstance: {fileID: 0}
  m_PrefabAsset: {fileID: 0}
  m_GameObject: {fileID: 8383448077695141806}
  m_Enabled: 1
  m_Density: 1
  m_Material: {fileID: 0}
  m_IsTrigger: 0
  m_UsedByEffector: 0
  m_UsedByComposite: 0
  m_Offset: {x: 0.09, y: -0.04}
  m_Size: {x: 1, y: 0.35}
  m_Direction: 1
--- !u!1 &8383448077765134467
GameObject:
  m_ObjectHideFlags: 0
  m_CorrespondingSourceObject: {fileID: 0}
  m_PrefabInstance: {fileID: 0}
  m_PrefabAsset: {fileID: 0}
  serializedVersion: 6
  m_Component:
  - component: {fileID: 8383448077765134464}
  - component: {fileID: 7246164158605996583}
  m_Layer: 9
  m_Name: lefthand
  m_TagString: Untagged
  m_Icon: {fileID: 0}
  m_NavMeshLayer: 0
  m_StaticEditorFlags: 0
  m_IsActive: 1
--- !u!4 &8383448077765134464
Transform:
  m_ObjectHideFlags: 0
  m_CorrespondingSourceObject: {fileID: 0}
  m_PrefabInstance: {fileID: 0}
  m_PrefabAsset: {fileID: 0}
  m_GameObject: {fileID: 8383448077765134467}
  m_LocalRotation: {x: -0, y: -0, z: 0.7213728, w: 0.692547}
  m_LocalPosition: {x: 1.0766088, y: -0.36753464, z: 0}
  m_LocalScale: {x: 1, y: 1, z: 1}
  m_Children:
  - {fileID: 8383448076405296261}
  - {fileID: 9152449124789679050}
  m_Father: {fileID: 8383448076445820918}
  m_RootOrder: 2
  m_LocalEulerAnglesHint: {x: 0, y: 0, z: 92.336006}
--- !u!70 &7246164158605996583
CapsuleCollider2D:
  m_ObjectHideFlags: 0
  m_CorrespondingSourceObject: {fileID: 0}
  m_PrefabInstance: {fileID: 0}
  m_PrefabAsset: {fileID: 0}
  m_GameObject: {fileID: 8383448077765134467}
  m_Enabled: 1
  m_Density: 1
  m_Material: {fileID: 0}
  m_IsTrigger: 0
  m_UsedByEffector: 0
  m_UsedByComposite: 0
  m_Offset: {x: 0.28, y: 0}
  m_Size: {x: 0.85, y: 0.26}
  m_Direction: 1
--- !u!1001 &8383448075973363657
PrefabInstance:
  m_ObjectHideFlags: 0
  serializedVersion: 2
  m_Modification:
    m_TransformParent: {fileID: 8383448076748331621}
    m_Modifications:
    - target: {fileID: 816271279096895082, guid: e5b822ee586b6cc469de70d337b658a8,
        type: 3}
      propertyPath: m_Name
      value: Blood
      objectReference: {fileID: 0}
    - target: {fileID: 816271279096895082, guid: e5b822ee586b6cc469de70d337b658a8,
        type: 3}
      propertyPath: m_Layer
      value: 9
      objectReference: {fileID: 0}
    - target: {fileID: 816271279096895085, guid: e5b822ee586b6cc469de70d337b658a8,
        type: 3}
      propertyPath: m_LocalPosition.x
      value: 0
      objectReference: {fileID: 0}
    - target: {fileID: 816271279096895085, guid: e5b822ee586b6cc469de70d337b658a8,
        type: 3}
      propertyPath: m_LocalPosition.y
      value: 0
      objectReference: {fileID: 0}
    - target: {fileID: 816271279096895085, guid: e5b822ee586b6cc469de70d337b658a8,
        type: 3}
      propertyPath: m_LocalPosition.z
      value: 0
      objectReference: {fileID: 0}
    - target: {fileID: 816271279096895085, guid: e5b822ee586b6cc469de70d337b658a8,
        type: 3}
      propertyPath: m_LocalRotation.x
      value: -0.7071068
      objectReference: {fileID: 0}
    - target: {fileID: 816271279096895085, guid: e5b822ee586b6cc469de70d337b658a8,
        type: 3}
      propertyPath: m_LocalRotation.y
      value: 0
      objectReference: {fileID: 0}
    - target: {fileID: 816271279096895085, guid: e5b822ee586b6cc469de70d337b658a8,
        type: 3}
      propertyPath: m_LocalRotation.z
      value: 0
      objectReference: {fileID: 0}
    - target: {fileID: 816271279096895085, guid: e5b822ee586b6cc469de70d337b658a8,
        type: 3}
      propertyPath: m_LocalRotation.w
      value: 0.7071068
      objectReference: {fileID: 0}
    - target: {fileID: 816271279096895085, guid: e5b822ee586b6cc469de70d337b658a8,
        type: 3}
      propertyPath: m_RootOrder
      value: 0
      objectReference: {fileID: 0}
    - target: {fileID: 816271279096895085, guid: e5b822ee586b6cc469de70d337b658a8,
        type: 3}
      propertyPath: m_LocalEulerAnglesHint.x
      value: -90
      objectReference: {fileID: 0}
    - target: {fileID: 816271279096895085, guid: e5b822ee586b6cc469de70d337b658a8,
        type: 3}
      propertyPath: m_LocalEulerAnglesHint.y
      value: 0
      objectReference: {fileID: 0}
    - target: {fileID: 816271279096895085, guid: e5b822ee586b6cc469de70d337b658a8,
        type: 3}
      propertyPath: m_LocalEulerAnglesHint.z
      value: 0
      objectReference: {fileID: 0}
    m_RemovedComponents: []
  m_SourcePrefab: {fileID: 100100000, guid: e5b822ee586b6cc469de70d337b658a8, type: 3}
--- !u!4 &9152449125390717348 stripped
Transform:
  m_CorrespondingSourceObject: {fileID: 816271279096895085, guid: e5b822ee586b6cc469de70d337b658a8,
    type: 3}
  m_PrefabInstance: {fileID: 8383448075973363657}
  m_PrefabAsset: {fileID: 0}
--- !u!198 &9152449125390717349 stripped
ParticleSystem:
  m_CorrespondingSourceObject: {fileID: 816271279096895084, guid: e5b822ee586b6cc469de70d337b658a8,
    type: 3}
  m_PrefabInstance: {fileID: 8383448075973363657}
  m_PrefabAsset: {fileID: 0}
--- !u!1001 &8383448076470833511
PrefabInstance:
  m_ObjectHideFlags: 0
  serializedVersion: 2
  m_Modification:
    m_TransformParent: {fileID: 8383448076409268438}
    m_Modifications:
    - target: {fileID: 816271279096895082, guid: e5b822ee586b6cc469de70d337b658a8,
        type: 3}
      propertyPath: m_Name
      value: Blood
      objectReference: {fileID: 0}
    - target: {fileID: 816271279096895082, guid: e5b822ee586b6cc469de70d337b658a8,
        type: 3}
      propertyPath: m_Layer
      value: 9
      objectReference: {fileID: 0}
    - target: {fileID: 816271279096895085, guid: e5b822ee586b6cc469de70d337b658a8,
        type: 3}
      propertyPath: m_LocalPosition.x
      value: 0
      objectReference: {fileID: 0}
    - target: {fileID: 816271279096895085, guid: e5b822ee586b6cc469de70d337b658a8,
        type: 3}
      propertyPath: m_LocalPosition.y
      value: 0
      objectReference: {fileID: 0}
    - target: {fileID: 816271279096895085, guid: e5b822ee586b6cc469de70d337b658a8,
        type: 3}
      propertyPath: m_LocalPosition.z
      value: 0
      objectReference: {fileID: 0}
    - target: {fileID: 816271279096895085, guid: e5b822ee586b6cc469de70d337b658a8,
        type: 3}
      propertyPath: m_LocalRotation.x
      value: -0.7071068
      objectReference: {fileID: 0}
    - target: {fileID: 816271279096895085, guid: e5b822ee586b6cc469de70d337b658a8,
        type: 3}
      propertyPath: m_LocalRotation.y
      value: 0
      objectReference: {fileID: 0}
    - target: {fileID: 816271279096895085, guid: e5b822ee586b6cc469de70d337b658a8,
        type: 3}
      propertyPath: m_LocalRotation.z
      value: 0
      objectReference: {fileID: 0}
    - target: {fileID: 816271279096895085, guid: e5b822ee586b6cc469de70d337b658a8,
        type: 3}
      propertyPath: m_LocalRotation.w
      value: 0.7071068
      objectReference: {fileID: 0}
    - target: {fileID: 816271279096895085, guid: e5b822ee586b6cc469de70d337b658a8,
        type: 3}
      propertyPath: m_RootOrder
      value: 1
      objectReference: {fileID: 0}
    - target: {fileID: 816271279096895085, guid: e5b822ee586b6cc469de70d337b658a8,
        type: 3}
      propertyPath: m_LocalEulerAnglesHint.x
      value: -90
      objectReference: {fileID: 0}
    - target: {fileID: 816271279096895085, guid: e5b822ee586b6cc469de70d337b658a8,
        type: 3}
      propertyPath: m_LocalEulerAnglesHint.y
      value: 0
      objectReference: {fileID: 0}
    - target: {fileID: 816271279096895085, guid: e5b822ee586b6cc469de70d337b658a8,
        type: 3}
      propertyPath: m_LocalEulerAnglesHint.z
      value: 0
      objectReference: {fileID: 0}
    m_RemovedComponents: []
  m_SourcePrefab: {fileID: 100100000, guid: e5b822ee586b6cc469de70d337b658a8, type: 3}
--- !u!198 &9152449125396334347 stripped
ParticleSystem:
  m_CorrespondingSourceObject: {fileID: 816271279096895084, guid: e5b822ee586b6cc469de70d337b658a8,
    type: 3}
  m_PrefabInstance: {fileID: 8383448076470833511}
  m_PrefabAsset: {fileID: 0}
--- !u!4 &9152449125396334346 stripped
Transform:
  m_CorrespondingSourceObject: {fileID: 816271279096895085, guid: e5b822ee586b6cc469de70d337b658a8,
    type: 3}
  m_PrefabInstance: {fileID: 8383448076470833511}
  m_PrefabAsset: {fileID: 0}
--- !u!1001 &8383448077311507949
PrefabInstance:
  m_ObjectHideFlags: 0
  serializedVersion: 2
  m_Modification:
    m_TransformParent: {fileID: 8383448077695141807}
    m_Modifications:
    - target: {fileID: 816271279096895082, guid: e5b822ee586b6cc469de70d337b658a8,
        type: 3}
      propertyPath: m_Name
      value: Blood
      objectReference: {fileID: 0}
    - target: {fileID: 816271279096895082, guid: e5b822ee586b6cc469de70d337b658a8,
        type: 3}
      propertyPath: m_Layer
      value: 9
      objectReference: {fileID: 0}
    - target: {fileID: 816271279096895085, guid: e5b822ee586b6cc469de70d337b658a8,
        type: 3}
      propertyPath: m_LocalPosition.x
      value: 0
      objectReference: {fileID: 0}
    - target: {fileID: 816271279096895085, guid: e5b822ee586b6cc469de70d337b658a8,
        type: 3}
      propertyPath: m_LocalPosition.y
      value: 0
      objectReference: {fileID: 0}
    - target: {fileID: 816271279096895085, guid: e5b822ee586b6cc469de70d337b658a8,
        type: 3}
      propertyPath: m_LocalPosition.z
      value: 0
      objectReference: {fileID: 0}
    - target: {fileID: 816271279096895085, guid: e5b822ee586b6cc469de70d337b658a8,
        type: 3}
      propertyPath: m_LocalRotation.x
      value: -0.7071068
      objectReference: {fileID: 0}
    - target: {fileID: 816271279096895085, guid: e5b822ee586b6cc469de70d337b658a8,
        type: 3}
      propertyPath: m_LocalRotation.y
      value: 0
      objectReference: {fileID: 0}
    - target: {fileID: 816271279096895085, guid: e5b822ee586b6cc469de70d337b658a8,
        type: 3}
      propertyPath: m_LocalRotation.z
      value: 0
      objectReference: {fileID: 0}
    - target: {fileID: 816271279096895085, guid: e5b822ee586b6cc469de70d337b658a8,
        type: 3}
      propertyPath: m_LocalRotation.w
      value: 0.7071068
      objectReference: {fileID: 0}
    - target: {fileID: 816271279096895085, guid: e5b822ee586b6cc469de70d337b658a8,
        type: 3}
      propertyPath: m_RootOrder
      value: 1
      objectReference: {fileID: 0}
    - target: {fileID: 816271279096895085, guid: e5b822ee586b6cc469de70d337b658a8,
        type: 3}
      propertyPath: m_LocalEulerAnglesHint.x
      value: -90
      objectReference: {fileID: 0}
    - target: {fileID: 816271279096895085, guid: e5b822ee586b6cc469de70d337b658a8,
        type: 3}
      propertyPath: m_LocalEulerAnglesHint.y
      value: 0
      objectReference: {fileID: 0}
    - target: {fileID: 816271279096895085, guid: e5b822ee586b6cc469de70d337b658a8,
        type: 3}
      propertyPath: m_LocalEulerAnglesHint.z
      value: 0
      objectReference: {fileID: 0}
    m_RemovedComponents: []
  m_SourcePrefab: {fileID: 100100000, guid: e5b822ee586b6cc469de70d337b658a8, type: 3}
--- !u!4 &9152449124589235072 stripped
Transform:
  m_CorrespondingSourceObject: {fileID: 816271279096895085, guid: e5b822ee586b6cc469de70d337b658a8,
    type: 3}
  m_PrefabInstance: {fileID: 8383448077311507949}
  m_PrefabAsset: {fileID: 0}
--- !u!1001 &8383448077645702567
PrefabInstance:
  m_ObjectHideFlags: 0
  serializedVersion: 2
  m_Modification:
    m_TransformParent: {fileID: 8383448077765134464}
    m_Modifications:
    - target: {fileID: 816271279096895082, guid: e5b822ee586b6cc469de70d337b658a8,
        type: 3}
      propertyPath: m_Name
      value: Blood
      objectReference: {fileID: 0}
    - target: {fileID: 816271279096895082, guid: e5b822ee586b6cc469de70d337b658a8,
        type: 3}
      propertyPath: m_Layer
      value: 9
      objectReference: {fileID: 0}
    - target: {fileID: 816271279096895085, guid: e5b822ee586b6cc469de70d337b658a8,
        type: 3}
      propertyPath: m_LocalPosition.x
      value: 0
      objectReference: {fileID: 0}
    - target: {fileID: 816271279096895085, guid: e5b822ee586b6cc469de70d337b658a8,
        type: 3}
      propertyPath: m_LocalPosition.y
      value: 0
      objectReference: {fileID: 0}
    - target: {fileID: 816271279096895085, guid: e5b822ee586b6cc469de70d337b658a8,
        type: 3}
      propertyPath: m_LocalPosition.z
      value: 0
      objectReference: {fileID: 0}
    - target: {fileID: 816271279096895085, guid: e5b822ee586b6cc469de70d337b658a8,
        type: 3}
      propertyPath: m_LocalRotation.x
      value: -0.7071068
      objectReference: {fileID: 0}
    - target: {fileID: 816271279096895085, guid: e5b822ee586b6cc469de70d337b658a8,
        type: 3}
      propertyPath: m_LocalRotation.y
      value: 0
      objectReference: {fileID: 0}
    - target: {fileID: 816271279096895085, guid: e5b822ee586b6cc469de70d337b658a8,
        type: 3}
      propertyPath: m_LocalRotation.z
      value: 0
      objectReference: {fileID: 0}
    - target: {fileID: 816271279096895085, guid: e5b822ee586b6cc469de70d337b658a8,
        type: 3}
      propertyPath: m_LocalRotation.w
      value: 0.7071068
      objectReference: {fileID: 0}
    - target: {fileID: 816271279096895085, guid: e5b822ee586b6cc469de70d337b658a8,
        type: 3}
      propertyPath: m_RootOrder
      value: 1
      objectReference: {fileID: 0}
    - target: {fileID: 816271279096895085, guid: e5b822ee586b6cc469de70d337b658a8,
        type: 3}
      propertyPath: m_LocalEulerAnglesHint.x
      value: -90
      objectReference: {fileID: 0}
    - target: {fileID: 816271279096895085, guid: e5b822ee586b6cc469de70d337b658a8,
        type: 3}
      propertyPath: m_LocalEulerAnglesHint.y
      value: 0
      objectReference: {fileID: 0}
    - target: {fileID: 816271279096895085, guid: e5b822ee586b6cc469de70d337b658a8,
        type: 3}
      propertyPath: m_LocalEulerAnglesHint.z
      value: 0
      objectReference: {fileID: 0}
    m_RemovedComponents: []
  m_SourcePrefab: {fileID: 100100000, guid: e5b822ee586b6cc469de70d337b658a8, type: 3}
--- !u!4 &9152449124789679050 stripped
Transform:
  m_CorrespondingSourceObject: {fileID: 816271279096895085, guid: e5b822ee586b6cc469de70d337b658a8,
    type: 3}
  m_PrefabInstance: {fileID: 8383448077645702567}
  m_PrefabAsset: {fileID: 0}
--- !u!198 &9152449124789679051 stripped
ParticleSystem:
  m_CorrespondingSourceObject: {fileID: 816271279096895084, guid: e5b822ee586b6cc469de70d337b658a8,
    type: 3}
  m_PrefabInstance: {fileID: 8383448077645702567}
  m_PrefabAsset: {fileID: 0}
--- !u!1001 &8383448077749105492
PrefabInstance:
  m_ObjectHideFlags: 0
  serializedVersion: 2
  m_Modification:
    m_TransformParent: {fileID: 8383448076270336433}
    m_Modifications:
    - target: {fileID: 816271279096895082, guid: e5b822ee586b6cc469de70d337b658a8,
        type: 3}
      propertyPath: m_Name
      value: Blood
      objectReference: {fileID: 0}
    - target: {fileID: 816271279096895082, guid: e5b822ee586b6cc469de70d337b658a8,
        type: 3}
      propertyPath: m_Layer
      value: 9
      objectReference: {fileID: 0}
    - target: {fileID: 816271279096895085, guid: e5b822ee586b6cc469de70d337b658a8,
        type: 3}
      propertyPath: m_LocalPosition.x
      value: 0
      objectReference: {fileID: 0}
    - target: {fileID: 816271279096895085, guid: e5b822ee586b6cc469de70d337b658a8,
        type: 3}
      propertyPath: m_LocalPosition.y
      value: 0
      objectReference: {fileID: 0}
    - target: {fileID: 816271279096895085, guid: e5b822ee586b6cc469de70d337b658a8,
        type: 3}
      propertyPath: m_LocalPosition.z
      value: 0
      objectReference: {fileID: 0}
    - target: {fileID: 816271279096895085, guid: e5b822ee586b6cc469de70d337b658a8,
        type: 3}
      propertyPath: m_LocalRotation.x
      value: -0.7071068
      objectReference: {fileID: 0}
    - target: {fileID: 816271279096895085, guid: e5b822ee586b6cc469de70d337b658a8,
        type: 3}
      propertyPath: m_LocalRotation.y
      value: 0
      objectReference: {fileID: 0}
    - target: {fileID: 816271279096895085, guid: e5b822ee586b6cc469de70d337b658a8,
        type: 3}
      propertyPath: m_LocalRotation.z
      value: 0
      objectReference: {fileID: 0}
    - target: {fileID: 816271279096895085, guid: e5b822ee586b6cc469de70d337b658a8,
        type: 3}
      propertyPath: m_LocalRotation.w
      value: 0.7071068
      objectReference: {fileID: 0}
    - target: {fileID: 816271279096895085, guid: e5b822ee586b6cc469de70d337b658a8,
        type: 3}
      propertyPath: m_RootOrder
      value: 1
      objectReference: {fileID: 0}
    - target: {fileID: 816271279096895085, guid: e5b822ee586b6cc469de70d337b658a8,
        type: 3}
      propertyPath: m_LocalEulerAnglesHint.x
      value: -90
      objectReference: {fileID: 0}
    - target: {fileID: 816271279096895085, guid: e5b822ee586b6cc469de70d337b658a8,
        type: 3}
      propertyPath: m_LocalEulerAnglesHint.y
      value: 0
      objectReference: {fileID: 0}
    - target: {fileID: 816271279096895085, guid: e5b822ee586b6cc469de70d337b658a8,
        type: 3}
      propertyPath: m_LocalEulerAnglesHint.z
      value: 0
      objectReference: {fileID: 0}
    m_RemovedComponents: []
  m_SourcePrefab: {fileID: 100100000, guid: e5b822ee586b6cc469de70d337b658a8, type: 3}
--- !u!4 &9152449124686505273 stripped
Transform:
  m_CorrespondingSourceObject: {fileID: 816271279096895085, guid: e5b822ee586b6cc469de70d337b658a8,
    type: 3}
  m_PrefabInstance: {fileID: 8383448077749105492}
  m_PrefabAsset: {fileID: 0}
--- !u!198 &9152449124686505272 stripped
ParticleSystem:
  m_CorrespondingSourceObject: {fileID: 816271279096895084, guid: e5b822ee586b6cc469de70d337b658a8,
    type: 3}
  m_PrefabInstance: {fileID: 8383448077749105492}
  m_PrefabAsset: {fileID: 0}
