%YAML 1.1
%TAG !u! tag:unity3d.com,2011:
--- !u!1 &472369873591582082
GameObject:
  m_ObjectHideFlags: 0
  m_CorrespondingSourceObject: {fileID: 0}
  m_PrefabInstance: {fileID: 0}
  m_PrefabAsset: {fileID: 0}
  serializedVersion: 6
  m_Component:
  - component: {fileID: 7891604080012850610}
  - component: {fileID: 8866879101597568750}
  m_Layer: 8
  m_Name: DiePoint
  m_TagString: CarDie
  m_Icon: {fileID: 0}
  m_NavMeshLayer: 0
  m_StaticEditorFlags: 0
  m_IsActive: 1
--- !u!4 &7891604080012850610
Transform:
  m_ObjectHideFlags: 0
  m_CorrespondingSourceObject: {fileID: 0}
  m_PrefabInstance: {fileID: 0}
  m_PrefabAsset: {fileID: 0}
  m_GameObject: {fileID: 472369873591582082}
  m_LocalRotation: {x: 0, y: 0, z: 0, w: 1}
  m_LocalPosition: {x: 0, y: 2.84, z: 0}
  m_LocalScale: {x: 1, y: 1, z: 1}
  m_Children: []
  m_Father: {fileID: 2240940768351785969}
  m_RootOrder: 3
  m_LocalEulerAnglesHint: {x: 0, y: 0, z: 0}
--- !u!61 &8866879101597568750
BoxCollider2D:
  m_ObjectHideFlags: 0
  m_CorrespondingSourceObject: {fileID: 0}
  m_PrefabInstance: {fileID: 0}
  m_PrefabAsset: {fileID: 0}
  m_GameObject: {fileID: 472369873591582082}
  m_Enabled: 1
  m_Density: 1
  m_Material: {fileID: 0}
  m_IsTrigger: 1
  m_UsedByEffector: 0
  m_UsedByComposite: 0
  m_Offset: {x: -1.0331826, y: 0.25396872}
  m_SpriteTilingProperty:
    border: {x: 0, y: 0, z: 0, w: 0}
    pivot: {x: 0, y: 0}
    oldSize: {x: 0, y: 0}
    newSize: {x: 0, y: 0}
    adaptiveTilingThreshold: 0
    drawMode: 0
    adaptiveTiling: 0
  m_AutoTiling: 0
  serializedVersion: 2
  m_Size: {x: 4.9448795, y: 1.5079374}
  m_EdgeRadius: 0
--- !u!1 &1926527214870690016
GameObject:
  m_ObjectHideFlags: 0
  m_CorrespondingSourceObject: {fileID: 0}
  m_PrefabInstance: {fileID: 0}
  m_PrefabAsset: {fileID: 0}
  serializedVersion: 6
  m_Component:
  - component: {fileID: 2370272149484746565}
  - component: {fileID: 5367588517219687046}
  m_Layer: 8
  m_Name: Car_1 weapon
  m_TagString: Untagged
  m_Icon: {fileID: 0}
  m_NavMeshLayer: 0
  m_StaticEditorFlags: 0
  m_IsActive: 1
--- !u!4 &2370272149484746565
Transform:
  m_ObjectHideFlags: 0
  m_CorrespondingSourceObject: {fileID: 0}
  m_PrefabInstance: {fileID: 0}
  m_PrefabAsset: {fileID: 0}
  m_GameObject: {fileID: 1926527214870690016}
  m_LocalRotation: {x: -0, y: -0, z: -0, w: 1}
  m_LocalPosition: {x: 2.122, y: 3.274, z: 0}
  m_LocalScale: {x: 1, y: 1, z: 1}
  m_Children: []
  m_Father: {fileID: 2240940768351785969}
  m_RootOrder: 2
  m_LocalEulerAnglesHint: {x: 0, y: 0, z: 0}
--- !u!212 &5367588517219687046
SpriteRenderer:
  m_ObjectHideFlags: 0
  m_CorrespondingSourceObject: {fileID: 0}
  m_PrefabInstance: {fileID: 0}
  m_PrefabAsset: {fileID: 0}
  m_GameObject: {fileID: 1926527214870690016}
  m_Enabled: 1
  m_CastShadows: 0
  m_ReceiveShadows: 0
  m_DynamicOccludee: 1
  m_MotionVectors: 1
  m_LightProbeUsage: 1
  m_ReflectionProbeUsage: 1
  m_RenderingLayerMask: 1
  m_RendererPriority: 0
  m_Materials:
  - {fileID: 10754, guid: 0000000000000000f000000000000000, type: 0}
  m_StaticBatchInfo:
    firstSubMesh: 0
    subMeshCount: 0
  m_StaticBatchRoot: {fileID: 0}
  m_ProbeAnchor: {fileID: 0}
  m_LightProbeVolumeOverride: {fileID: 0}
  m_ScaleInLightmap: 1
  m_PreserveUVs: 0
  m_IgnoreNormalsForChartDetection: 0
  m_ImportantGI: 0
  m_StitchLightmapSeams: 0
  m_SelectedEditorRenderState: 0
  m_MinimumChartSize: 4
  m_AutoUVMaxDistance: 0.5
  m_AutoUVMaxAngle: 89
  m_LightmapParameters: {fileID: 0}
  m_SortingLayerID: 0
  m_SortingLayer: 0
  m_SortingOrder: 0
  m_Sprite: {fileID: 21300000, guid: 78e7a2c0bcf47ef4cbf68f48b9dcebb2, type: 3}
  m_Color: {r: 1, g: 1, b: 1, a: 1}
  m_FlipX: 0
  m_FlipY: 0
  m_DrawMode: 0
  m_Size: {x: 1.01, y: 0.51}
  m_AdaptiveModeThreshold: 0.5
  m_SpriteTileMode: 0
  m_WasSpriteAssigned: 1
  m_MaskInteraction: 0
  m_SpriteSortPoint: 0
--- !u!1 &3381295771119283738
GameObject:
  m_ObjectHideFlags: 0
  m_CorrespondingSourceObject: {fileID: 0}
  m_PrefabInstance: {fileID: 0}
  m_PrefabAsset: {fileID: 0}
  serializedVersion: 6
  m_Component:
  - component: {fileID: 4368367106534873192}
  m_Layer: 8
  m_Name: FirePoint
  m_TagString: Untagged
  m_Icon: {fileID: 0}
  m_NavMeshLayer: 0
  m_StaticEditorFlags: 0
  m_IsActive: 1
--- !u!4 &4368367106534873192
Transform:
  m_ObjectHideFlags: 0
  m_CorrespondingSourceObject: {fileID: 0}
  m_PrefabInstance: {fileID: 0}
  m_PrefabAsset: {fileID: 0}
  m_GameObject: {fileID: 3381295771119283738}
  m_LocalRotation: {x: 0, y: 0, z: 0, w: 1}
  m_LocalPosition: {x: 2.95, y: 3.28, z: 0}
  m_LocalScale: {x: 1, y: 1, z: 1}
  m_Children: []
  m_Father: {fileID: 2240940768351785969}
  m_RootOrder: 1
  m_LocalEulerAnglesHint: {x: 0, y: 0, z: 0}
--- !u!1 &4641962952973520837
GameObject:
  m_ObjectHideFlags: 0
  m_CorrespondingSourceObject: {fileID: 0}
  m_PrefabInstance: {fileID: 0}
  m_PrefabAsset: {fileID: 0}
  serializedVersion: 6
  m_Component:
  - component: {fileID: 2240940768351785969}
  - component: {fileID: 6935071662060475787}
  - component: {fileID: 152395099821798668}
  - component: {fileID: 5709107390455024689}
  - component: {fileID: 72456230169191607}
  - component: {fileID: 3299921875595684986}
  - component: {fileID: 2666918110226511831}
  - component: {fileID: 8930368103214190944}
  - component: {fileID: 8736753820440195012}
  - component: {fileID: 359503722}
  - component: {fileID: 4963805658179497312}
  m_Layer: 8
  m_Name: Car_1
  m_TagString: Car
  m_Icon: {fileID: 0}
  m_NavMeshLayer: 0
  m_StaticEditorFlags: 0
  m_IsActive: 1
--- !u!4 &2240940768351785969
Transform:
  m_ObjectHideFlags: 0
  m_CorrespondingSourceObject: {fileID: 0}
  m_PrefabInstance: {fileID: 0}
  m_PrefabAsset: {fileID: 0}
  m_GameObject: {fileID: 4641962952973520837}
  m_LocalRotation: {x: 0, y: 0, z: 0, w: 1}
  m_LocalPosition: {x: 0, y: 0, z: 0}
  m_LocalScale: {x: 0.58551997, y: 0.58551997, z: 0.58551997}
  m_Children:
  - {fileID: 9149019426722280233}
  - {fileID: 4368367106534873192}
  - {fileID: 2370272149484746565}
  - {fileID: 7891604080012850610}
  - {fileID: 7703360222639069976}
  - {fileID: 8382307592683111308}
  m_Father: {fileID: 0}
  m_RootOrder: 0
  m_LocalEulerAnglesHint: {x: 0, y: 0, z: 0}
--- !u!212 &6935071662060475787
SpriteRenderer:
  m_ObjectHideFlags: 0
  m_CorrespondingSourceObject: {fileID: 0}
  m_PrefabInstance: {fileID: 0}
  m_PrefabAsset: {fileID: 0}
  m_GameObject: {fileID: 4641962952973520837}
  m_Enabled: 1
  m_CastShadows: 0
  m_ReceiveShadows: 0
  m_DynamicOccludee: 1
  m_MotionVectors: 1
  m_LightProbeUsage: 1
  m_ReflectionProbeUsage: 1
  m_RenderingLayerMask: 1
  m_RendererPriority: 0
  m_Materials:
  - {fileID: 10754, guid: 0000000000000000f000000000000000, type: 0}
  m_StaticBatchInfo:
    firstSubMesh: 0
    subMeshCount: 0
  m_StaticBatchRoot: {fileID: 0}
  m_ProbeAnchor: {fileID: 0}
  m_LightProbeVolumeOverride: {fileID: 0}
  m_ScaleInLightmap: 1
  m_PreserveUVs: 0
  m_IgnoreNormalsForChartDetection: 0
  m_ImportantGI: 0
  m_StitchLightmapSeams: 0
  m_SelectedEditorRenderState: 0
  m_MinimumChartSize: 4
  m_AutoUVMaxDistance: 0.5
  m_AutoUVMaxAngle: 89
  m_LightmapParameters: {fileID: 0}
  m_SortingLayerID: -1878036177
  m_SortingLayer: 3
  m_SortingOrder: 0
  m_Sprite: {fileID: 21300000, guid: e4052deee60b18a4194348f9203b6697, type: 3}
  m_Color: {r: 1, g: 1, b: 1, a: 1}
  m_FlipX: 0
  m_FlipY: 0
  m_DrawMode: 0
  m_Size: {x: 23.25, y: 7.3599997}
  m_AdaptiveModeThreshold: 0.5
  m_SpriteTileMode: 0
  m_WasSpriteAssigned: 1
  m_MaskInteraction: 0
  m_SpriteSortPoint: 0
--- !u!50 &152395099821798668
Rigidbody2D:
  serializedVersion: 4
  m_ObjectHideFlags: 0
  m_CorrespondingSourceObject: {fileID: 0}
  m_PrefabInstance: {fileID: 0}
  m_PrefabAsset: {fileID: 0}
  m_GameObject: {fileID: 4641962952973520837}
  m_BodyType: 0
  m_Simulated: 1
  m_UseFullKinematicContacts: 0
  m_UseAutoMass: 0
  m_Mass: 300
  m_LinearDrag: 0
  m_AngularDrag: 0.05
  m_GravityScale: 1
  m_Material: {fileID: 0}
  m_Interpolate: 0
  m_SleepingMode: 1
  m_CollisionDetection: 0
  m_Constraints: 0
--- !u!235 &5709107390455024689
WheelJoint2D:
  m_ObjectHideFlags: 0
  m_CorrespondingSourceObject: {fileID: 0}
  m_PrefabInstance: {fileID: 0}
  m_PrefabAsset: {fileID: 0}
  m_GameObject: {fileID: 4641962952973520837}
  m_Enabled: 1
  serializedVersion: 4
  m_EnableCollision: 0
  m_ConnectedRigidBody: {fileID: 6731778254902512198}
  m_BreakForce: Infinity
  m_BreakTorque: Infinity
  m_AutoConfigureConnectedAnchor: 1
  m_Anchor: {x: 6.64, y: -3.2900002}
  m_ConnectedAnchor: {x: 0, y: 0}
  m_Suspension:
    m_DampingRatio: 0.7
    m_Frequency: 8
    m_Angle: 90
  m_UseMotor: 0
  m_Motor:
    m_MotorSpeed: 0
    m_MaximumMotorForce: 10000
--- !u!235 &72456230169191607
WheelJoint2D:
  m_ObjectHideFlags: 0
  m_CorrespondingSourceObject: {fileID: 0}
  m_PrefabInstance: {fileID: 0}
  m_PrefabAsset: {fileID: 0}
  m_GameObject: {fileID: 4641962952973520837}
  m_Enabled: 1
  serializedVersion: 4
  m_EnableCollision: 0
  m_ConnectedRigidBody: {fileID: 8874850597604298095}
  m_BreakForce: Infinity
  m_BreakTorque: Infinity
  m_AutoConfigureConnectedAnchor: 1
  m_Anchor: {x: -7.9400005, y: -3.5900002}
  m_ConnectedAnchor: {x: 0, y: 0}
  m_Suspension:
    m_DampingRatio: 0.7
    m_Frequency: 8
    m_Angle: 90
  m_UseMotor: 0
  m_Motor:
    m_MotorSpeed: 0
    m_MaximumMotorForce: 10000
--- !u!114 &3299921875595684986
MonoBehaviour:
  m_ObjectHideFlags: 0
  m_CorrespondingSourceObject: {fileID: 0}
  m_PrefabInstance: {fileID: 0}
  m_PrefabAsset: {fileID: 0}
  m_GameObject: {fileID: 4641962952973520837}
  m_Enabled: 1
  m_EditorHideFlags: 0
  m_Script: {fileID: 11500000, guid: dc90dcc67918f314fadc69830ffa8805, type: 3}
  m_Name: 
  m_EditorClassIdentifier: 
  CarSpeed: 0
  backWheel: {fileID: 72456230169191607}
  frontWheel: {fileID: 5709107390455024689}
  movement: 0
  rb: {fileID: 152395099821798668}
  missileRB: {fileID: 50301123046138422, guid: 8bb7182bfb2afba4d886a02caf3a6e7c, type: 3}
  goForward: 0
  slowDown: 0
  firePoint: {fileID: 3381295771119283738}
  missile: {fileID: 1926527214870690016}
  fire: {fileID: 3134772074077926249, guid: 8bb7182bfb2afba4d886a02caf3a6e7c, type: 3}
  missileFire: {fileID: 0}
  weapon: 0
  finish: 0
  GearButton: {fileID: 0}
  FireButton: {fileID: 0}
  shield: 0
  canShield: 0
  shieldParticle: {fileID: 8382307592683111307}
  health: 100
--- !u!61 &2666918110226511831
BoxCollider2D:
  m_ObjectHideFlags: 0
  m_CorrespondingSourceObject: {fileID: 0}
  m_PrefabInstance: {fileID: 0}
  m_PrefabAsset: {fileID: 0}
  m_GameObject: {fileID: 4641962952973520837}
  m_Enabled: 0
  m_Density: 1
  m_Material: {fileID: 0}
  m_IsTrigger: 0
  m_UsedByEffector: 0
  m_UsedByComposite: 0
  m_Offset: {x: -0.90419865, y: -1.2737861}
  m_SpriteTilingProperty:
    border: {x: 0, y: 0, z: 0, w: 0}
    pivot: {x: 0.5, y: 0.5}
    oldSize: {x: 23.25, y: 7.3599997}
    newSize: {x: 23.25, y: 7.3599997}
    adaptiveTilingThreshold: 0.5
    drawMode: 0
    adaptiveTiling: 0
  m_AutoTiling: 0
  serializedVersion: 2
  m_Size: {x: 19.348188, y: 2.0987396}
  m_EdgeRadius: 0.57
--- !u!61 &8930368103214190944
BoxCollider2D:
  m_ObjectHideFlags: 0
  m_CorrespondingSourceObject: {fileID: 0}
  m_PrefabInstance: {fileID: 0}
  m_PrefabAsset: {fileID: 0}
  m_GameObject: {fileID: 4641962952973520837}
  m_Enabled: 0
  m_Density: 1
  m_Material: {fileID: 0}
  m_IsTrigger: 0
  m_UsedByEffector: 0
  m_UsedByComposite: 0
  m_Offset: {x: -0.39416718, y: 1.7457352}
  m_SpriteTilingProperty:
    border: {x: 0, y: 0, z: 0, w: 0}
    pivot: {x: 0.5, y: 0.5}
    oldSize: {x: 23.25, y: 7.3599997}
    newSize: {x: 23.25, y: 7.3599997}
    adaptiveTilingThreshold: 0.5
    drawMode: 0
    adaptiveTiling: 0
  m_AutoTiling: 0
  serializedVersion: 2
  m_Size: {x: 6.202296, y: 0.30750906}
  m_EdgeRadius: 0.3
--- !u!61 &8736753820440195012
BoxCollider2D:
  m_ObjectHideFlags: 0
  m_CorrespondingSourceObject: {fileID: 0}
  m_PrefabInstance: {fileID: 0}
  m_PrefabAsset: {fileID: 0}
  m_GameObject: {fileID: 4641962952973520837}
  m_Enabled: 0
  m_Density: 1
  m_Material: {fileID: 0}
  m_IsTrigger: 0
  m_UsedByEffector: 0
  m_UsedByComposite: 0
  m_Offset: {x: 10.691771, y: -2.1186469}
  m_SpriteTilingProperty:
    border: {x: 0, y: 0, z: 0, w: 0}
    pivot: {x: 0.5, y: 0.5}
    oldSize: {x: 23.25, y: 7.3599997}
    newSize: {x: 23.25, y: 7.3599997}
    adaptiveTilingThreshold: 0.5
    drawMode: 0
    adaptiveTiling: 0
  m_AutoTiling: 0
  serializedVersion: 2
  m_Size: {x: 1.8664589, y: 2.334371}
  m_EdgeRadius: 0
--- !u!60 &359503722
PolygonCollider2D:
  m_ObjectHideFlags: 0
  m_CorrespondingSourceObject: {fileID: 0}
  m_PrefabInstance: {fileID: 0}
  m_PrefabAsset: {fileID: 0}
  m_GameObject: {fileID: 4641962952973520837}
  m_Enabled: 0
  m_Density: 1
  m_Material: {fileID: 0}
  m_IsTrigger: 0
  m_UsedByEffector: 0
  m_UsedByComposite: 0
  m_Offset: {x: 0, y: 0}
  m_SpriteTilingProperty:
    border: {x: 0, y: 0, z: 0, w: 0}
    pivot: {x: 0.5, y: 0.5}
    oldSize: {x: 23.25, y: 7.3599997}
    newSize: {x: 23.25, y: 7.3599997}
    adaptiveTilingThreshold: 0.5
    drawMode: 0
    adaptiveTiling: 0
  m_AutoTiling: 0
  m_Points:
    m_Paths:
    - - {x: 5.57679, y: -2.317037}
      - {x: 6.2014813, y: -2.271605}
      - {x: 6.5990124, y: -2.260247}
      - {x: 6.8829627, y: -2.260247}
      - {x: 7.2237034, y: -2.271605}
      - {x: 7.5530863, y: -2.294321}
      - {x: 8.052839, y: -2.3511112}
      - {x: 8.529877, y: -2.4419754}
      - {x: 9.109136, y: -2.6009877}
      - {x: 9.188642, y: -2.6464198}
      - {x: 9.188642, y: -3.259753}
      - {x: 9.211358, y: -3.282469}
      - {x: 9.779259, y: -3.282469}
      - {x: 9.790617, y: -3.271111}
      - {x: 10.4380245, y: -3.271111}
      - {x: 10.460741, y: -3.248395}
      - {x: 10.460741, y: -3.2029629}
      - {x: 11.414815, y: -3.2029629}
      - {x: 11.539753, y: -3.1802468}
      - {x: 11.630617, y: -3.1348147}
      - {x: 11.630617, y: -3.0780246}
      - {x: 11.562469, y: -3.0325925}
      - {x: 11.4375305, y: -3.0212345}
      - {x: 10.460741, y: -2.9190123}
      - {x: 11.460247, y: -2.9190123}
      - {x: 11.562469, y: -2.8962963}
      - {x: 11.630617, y: -2.8622222}
      - {x: 11.630617, y: -2.794074}
      - {x: 11.528395, y: -2.737284}
      - {x: 11.460247, y: -2.748642}
      - {x: 10.460741, y: -2.6464198}
      - {x: 11.448889, y: -2.6464198}
      - {x: 11.562469, y: -2.6350617}
      - {x: 11.630617, y: -2.5896297}
      - {x: 11.630617, y: -2.5101235}
      - {x: 11.494321, y: -2.4646914}
      - {x: 11.403457, y: -2.4646914}
      - {x: 10.460741, y: -2.3738272}
      - {x: 11.505679, y: -2.3738272}
      - {x: 11.630617, y: -2.317037}
      - {x: 11.630617, y: -2.248889}
      - {x: 11.562469, y: -2.2034569}
      - {x: 11.414815, y: -2.1920989}
      - {x: 10.460741, y: -2.1012344}
      - {x: 11.482963, y: -2.1012344}
      - {x: 11.630617, y: -2.0444443}
      - {x: 11.630617, y: -1.9762963}
      - {x: 11.562469, y: -1.9308642}
      - {x: 11.448889, y: -1.9195062}
      - {x: 10.460741, y: -1.9195062}
      - {x: 10.460741, y: -1.6469135}
      - {x: 10.426666, y: -1.4992592}
      - {x: 10.369877, y: -1.3402469}
      - {x: 10.233581, y: -1.2153087}
      - {x: 10.17679, y: -1.2153087}
      - {x: 10.017777, y: -1.1812346}
      - {x: 9.926913, y: -1.0903704}
      - {x: 9.824691, y: -0.87456787}
      - {x: 9.801975, y: -0.87456787}
      - {x: 9.801975, y: -0.1362963}
      - {x: 9.745185, y: 0.0908642}
      - {x: 9.665679, y: 0.28395063}
      - {x: 9.563457, y: 0.44296294}
      - {x: 9.347654, y: 0.67012346}
      - {x: 9.211358, y: 0.76098764}
      - {x: 9.075062, y: 0.81777775}
      - {x: 8.893333, y: 0.8518518}
      - {x: 8.529877, y: 0.87456787}
      - {x: 7.7802467, y: 0.90864193}
      - {x: 7.36, y: 0.93135804}
      - {x: 6.917037, y: 0.9540741}
      - {x: 6.6671605, y: 0.9654321}
      - {x: 6.1787653, y: 0.98814815}
      - {x: 5.52, y: 1.0222222}
      - {x: 5.099753, y: 1.0449382}
      - {x: 4.100247, y: 1.0903704}
      - {x: 4.0207405, y: 1.1585186}
      - {x: 3.248395, y: 1.7150617}
      - {x: 2.4646914, y: 2.271605}
      - {x: 1.7491357, y: 2.794074}
      - {x: 1.5560493, y: 2.9303703}
      - {x: 1.397037, y: 2.9871604}
      - {x: 1.0676543, y: 3.0098765}
      - {x: 1.0335802, y: 3.0666666}
      - {x: 1.5674074, y: 3.0666666}
      - {x: 1.6014814, y: 3.0325925}
      - {x: 1.6128395, y: 3.0325925}
      - {x: 1.6582716, y: 3.0780246}
      - {x: 1.6582716, y: 3.4528394}
      - {x: 1.6241975, y: 3.4869134}
      - {x: 1.5901234, y: 3.4869134}
      - {x: 1.5674074, y: 3.4641974}
      - {x: 1.0335802, y: 3.5437036}
      - {x: 1.0108641, y: 3.5664196}
      - {x: 0.90864193, y: 3.5891356}
      - {x: 0.87456787, y: 3.4755554}
      - {x: -0.2725926, y: 3.4641974}
      - {x: -0.23851852, y: 3.4869134}
      - {x: -0.21580246, y: 3.5096295}
      - {x: -0.20444444, y: 3.6345677}
      - {x: -0.26123455, y: 3.68}
      - {x: -0.6474074, y: 3.68}
      - {x: -0.9654321, y: 3.668642}
      - {x: -0.9654321, y: 3.68}
      - {x: -1.3516049, y: 3.68}
      - {x: -1.3288889, y: 3.5323455}
      - {x: -1.6469135, y: 3.5437036}
      - {x: -1.6809876, y: 3.4755554}
      - {x: -3.5096295, y: 3.4641974}
      - {x: -3.5323455, y: 3.4869134}
      - {x: -3.5550616, y: 3.4869134}
      - {x: -3.5891356, y: 3.4528394}
      - {x: -3.5891356, y: 3.0666666}
      - {x: -3.5664196, y: 3.0439506}
      - {x: -3.5209875, y: 3.0439506}
      - {x: -3.4982715, y: 3.0666666}
      - {x: -1.6582716, y: 3.0666666}
      - {x: -1.7832098, y: 3.0439506}
      - {x: -2.5782716, y: 2.9871604}
      - {x: -2.9417284, y: 2.9644444}
      - {x: -3.5664196, y: 2.9190123}
      - {x: -3.7481482, y: 2.9076543}
      - {x: -3.9866667, y: 2.8849382}
      - {x: -4.077531, y: 2.8395061}
      - {x: -4.225185, y: 2.6464198}
      - {x: -4.247901, y: 2.5328395}
      - {x: -4.7022223, y: 1.1244445}
      - {x: -4.7930865, y: 0.8518518}
      - {x: -6.2696295, y: 0.8518518}
      - {x: -6.2923455, y: 0.8291358}
      - {x: -6.2923455, y: 0.45432097}
      - {x: -11.358025, y: 0.45432097}
      - {x: -11.482963, y: 0.3748148}
      - {x: -11.562469, y: 0.2725926}
      - {x: -11.630617, y: 0.15901235}
      - {x: -11.630617, y: -3.668642}
      - {x: -11.619259, y: -3.68}
      - {x: -10.426666, y: -3.68}
      - {x: -10.403951, y: -3.657284}
      - {x: -10.403951, y: -2.6464198}
      - {x: -10.392592, y: -2.6350617}
      - {x: -10.369877, y: -2.5214815}
      - {x: -9.904198, y: -2.3965433}
      - {x: -9.381728, y: -2.294321}
      - {x: -9.006913, y: -2.237531}
      - {x: -8.495802, y: -2.1920989}
      - {x: -8.189136, y: -2.1807408}
      - {x: -7.916543, y: -2.1807408}
      - {x: -7.6325927, y: -2.1920989}
      - {x: -7.0987654, y: -2.248889}
      - {x: -6.6558022, y: -2.3397532}
      - {x: -6.3150616, y: -2.4419754}
      - {x: -5.9061728, y: -2.6009877}
      - {x: -5.9061728, y: -2.6918519}
      - {x: -5.894815, y: -2.7032099}
      - {x: -5.894815, y: -3.657284}
      - {x: -5.872099, y: -3.68}
      - {x: 4.259259, y: -3.68}
      - {x: 4.2819753, y: -3.657284}
      - {x: 4.2819753, y: -2.4987655}
      - {x: 4.316049, y: -2.4987655}
    - - {x: 0.10222222, y: 3.0666666}
      - {x: 0.011358025, y: 3.0666666}
      - {x: 0.011358025, y: 3.0553086}
      - {x: 0.8859259, y: 3.0553086}
--- !u!68 &4963805658179497312
EdgeCollider2D:
  m_ObjectHideFlags: 0
  m_CorrespondingSourceObject: {fileID: 0}
  m_PrefabInstance: {fileID: 0}
  m_PrefabAsset: {fileID: 0}
  m_GameObject: {fileID: 4641962952973520837}
  m_Enabled: 1
  m_Density: 1
  m_Material: {fileID: 0}
  m_IsTrigger: 0
  m_UsedByEffector: 0
  m_UsedByComposite: 0
  m_Offset: {x: 0, y: 0}
  m_EdgeRadius: 0
  m_Points:
  - {x: 9.03333, y: -3.2561617}
  - {x: -10.881982, y: -3.756663}
  - {x: -11.273921, y: -3.4708629}
  - {x: -11.643841, y: -2.9857707}
  - {x: -11.623644, y: -0.6145128}
  - {x: -11.349418, y: 0.1044747}
  - {x: -11.012542, y: 0.41182598}
  - {x: -5.12406, y: 0.3436604}
  - {x: -4.1199903, y: 2.9154413}
  - {x: 1.3033395, y: 2.9839325}
  - {x: 3.999858, y: 1.0214263}
  - {x: 9.019965, y: 0.67440665}
  - {x: 9.742671, y: 0.03941611}
  - {x: 9.928018, y: -0.48807612}
  - {x: 10.082387, y: -1.1856387}
  - {x: 10.055237, y: -2.0340595}
  - {x: 9.961317, y: -2.7325904}
  - {x: 9.791375, y: -3.0637646}
  - {x: 9.054562, y: -3.2640839}
--- !u!1 &5166941879625282590
GameObject:
  m_ObjectHideFlags: 0
  m_CorrespondingSourceObject: {fileID: 0}
  m_PrefabInstance: {fileID: 0}
  m_PrefabAsset: {fileID: 0}
  serializedVersion: 6
  m_Component:
  - component: {fileID: 9149019426722280233}
  - component: {fileID: 1038565995596982290}
  - component: {fileID: 8874850597604298095}
  - component: {fileID: 4298188469351161853}
  m_Layer: 8
  m_Name: Wheel_Back
  m_TagString: CarOneWheel
  m_Icon: {fileID: 0}
  m_NavMeshLayer: 0
  m_StaticEditorFlags: 0
  m_IsActive: 1
--- !u!4 &9149019426722280233
Transform:
  m_ObjectHideFlags: 0
  m_CorrespondingSourceObject: {fileID: 0}
  m_PrefabInstance: {fileID: 0}
  m_PrefabAsset: {fileID: 0}
  m_GameObject: {fileID: 5166941879625282590}
  m_LocalRotation: {x: -0, y: -0, z: -0, w: 1}
  m_LocalPosition: {x: -7.94, y: -3.59, z: 0}
  m_LocalScale: {x: 1.4020603, y: 1.4020603, z: 1.4020603}
  m_Children: []
  m_Father: {fileID: 2240940768351785969}
  m_RootOrder: 0
  m_LocalEulerAnglesHint: {x: 0, y: 0, z: 0}
--- !u!212 &1038565995596982290
SpriteRenderer:
  m_ObjectHideFlags: 0
  m_CorrespondingSourceObject: {fileID: 0}
  m_PrefabInstance: {fileID: 0}
  m_PrefabAsset: {fileID: 0}
  m_GameObject: {fileID: 5166941879625282590}
  m_Enabled: 1
  m_CastShadows: 0
  m_ReceiveShadows: 0
  m_DynamicOccludee: 1
  m_MotionVectors: 1
  m_LightProbeUsage: 1
  m_ReflectionProbeUsage: 1
  m_RenderingLayerMask: 1
  m_RendererPriority: 0
  m_Materials:
  - {fileID: 10754, guid: 0000000000000000f000000000000000, type: 0}
  m_StaticBatchInfo:
    firstSubMesh: 0
    subMeshCount: 0
  m_StaticBatchRoot: {fileID: 0}
  m_ProbeAnchor: {fileID: 0}
  m_LightProbeVolumeOverride: {fileID: 0}
  m_ScaleInLightmap: 1
  m_PreserveUVs: 0
  m_IgnoreNormalsForChartDetection: 0
  m_ImportantGI: 0
  m_StitchLightmapSeams: 0
  m_SelectedEditorRenderState: 0
  m_MinimumChartSize: 4
  m_AutoUVMaxDistance: 0.5
  m_AutoUVMaxAngle: 89
  m_LightmapParameters: {fileID: 0}
  m_SortingLayerID: -1878036177
  m_SortingLayer: 3
  m_SortingOrder: 1
  m_Sprite: {fileID: 21300000, guid: 82bdbae0ec93b9745945ea3f015173ef, type: 3}
  m_Color: {r: 1, g: 1, b: 1, a: 1}
  m_FlipX: 0
  m_FlipY: 0
  m_DrawMode: 0
  m_Size: {x: 4, y: 4}
  m_AdaptiveModeThreshold: 0.5
  m_SpriteTileMode: 0
  m_WasSpriteAssigned: 1
  m_MaskInteraction: 0
  m_SpriteSortPoint: 0
--- !u!50 &8874850597604298095
Rigidbody2D:
  serializedVersion: 4
  m_ObjectHideFlags: 0
  m_CorrespondingSourceObject: {fileID: 0}
  m_PrefabInstance: {fileID: 0}
  m_PrefabAsset: {fileID: 0}
  m_GameObject: {fileID: 5166941879625282590}
  m_BodyType: 0
  m_Simulated: 1
  m_UseFullKinematicContacts: 0
  m_UseAutoMass: 0
  m_Mass: 10
  m_LinearDrag: 0
  m_AngularDrag: 0.05
  m_GravityScale: 1
  m_Material: {fileID: 0}
  m_Interpolate: 0
  m_SleepingMode: 1
  m_CollisionDetection: 0
  m_Constraints: 0
--- !u!58 &4298188469351161853
CircleCollider2D:
  m_ObjectHideFlags: 0
  m_CorrespondingSourceObject: {fileID: 0}
  m_PrefabInstance: {fileID: 0}
  m_PrefabAsset: {fileID: 0}
  m_GameObject: {fileID: 5166941879625282590}
  m_Enabled: 1
  m_Density: 1
  m_Material: {fileID: 0}
  m_IsTrigger: 0
  m_UsedByEffector: 0
  m_UsedByComposite: 0
  m_Offset: {x: 0, y: 0}
  serializedVersion: 2
  m_Radius: 1.9
--- !u!1 &7506177608113361372
GameObject:
  m_ObjectHideFlags: 0
  m_CorrespondingSourceObject: {fileID: 0}
  m_PrefabInstance: {fileID: 0}
  m_PrefabAsset: {fileID: 0}
  serializedVersion: 6
  m_Component:
  - component: {fileID: 7703360222639069976}
  - component: {fileID: 6753604381116333437}
  - component: {fileID: 6731778254902512198}
  - component: {fileID: 1727745372685743828}
  m_Layer: 8
  m_Name: Wheel_Front
  m_TagString: CarOneWheel
  m_Icon: {fileID: 0}
  m_NavMeshLayer: 0
  m_StaticEditorFlags: 0
  m_IsActive: 1
--- !u!4 &7703360222639069976
Transform:
  m_ObjectHideFlags: 0
  m_CorrespondingSourceObject: {fileID: 0}
  m_PrefabInstance: {fileID: 0}
  m_PrefabAsset: {fileID: 0}
  m_GameObject: {fileID: 7506177608113361372}
  m_LocalRotation: {x: -0, y: -0, z: -0, w: 1}
  m_LocalPosition: {x: 6.64, y: -3.29, z: 0}
  m_LocalScale: {x: 1.4020603, y: 1.4020603, z: 1.4020603}
  m_Children: []
  m_Father: {fileID: 2240940768351785969}
  m_RootOrder: 4
  m_LocalEulerAnglesHint: {x: 0, y: 0, z: 0}
--- !u!212 &6753604381116333437
SpriteRenderer:
  m_ObjectHideFlags: 0
  m_CorrespondingSourceObject: {fileID: 0}
  m_PrefabInstance: {fileID: 0}
  m_PrefabAsset: {fileID: 0}
  m_GameObject: {fileID: 7506177608113361372}
  m_Enabled: 1
  m_CastShadows: 0
  m_ReceiveShadows: 0
  m_DynamicOccludee: 1
  m_MotionVectors: 1
  m_LightProbeUsage: 1
  m_ReflectionProbeUsage: 1
  m_RenderingLayerMask: 1
  m_RendererPriority: 0
  m_Materials:
  - {fileID: 10754, guid: 0000000000000000f000000000000000, type: 0}
  m_StaticBatchInfo:
    firstSubMesh: 0
    subMeshCount: 0
  m_StaticBatchRoot: {fileID: 0}
  m_ProbeAnchor: {fileID: 0}
  m_LightProbeVolumeOverride: {fileID: 0}
  m_ScaleInLightmap: 1
  m_PreserveUVs: 0
  m_IgnoreNormalsForChartDetection: 0
  m_ImportantGI: 0
  m_StitchLightmapSeams: 0
  m_SelectedEditorRenderState: 0
  m_MinimumChartSize: 4
  m_AutoUVMaxDistance: 0.5
  m_AutoUVMaxAngle: 89
  m_LightmapParameters: {fileID: 0}
  m_SortingLayerID: -1878036177
  m_SortingLayer: 3
  m_SortingOrder: 1
  m_Sprite: {fileID: 21300000, guid: 82bdbae0ec93b9745945ea3f015173ef, type: 3}
  m_Color: {r: 1, g: 1, b: 1, a: 1}
  m_FlipX: 0
  m_FlipY: 0
  m_DrawMode: 0
  m_Size: {x: 4, y: 4}
  m_AdaptiveModeThreshold: 0.5
  m_SpriteTileMode: 0
  m_WasSpriteAssigned: 1
  m_MaskInteraction: 0
  m_SpriteSortPoint: 0
--- !u!50 &6731778254902512198
Rigidbody2D:
  serializedVersion: 4
  m_ObjectHideFlags: 0
  m_CorrespondingSourceObject: {fileID: 0}
  m_PrefabInstance: {fileID: 0}
  m_PrefabAsset: {fileID: 0}
  m_GameObject: {fileID: 7506177608113361372}
  m_BodyType: 0
  m_Simulated: 1
  m_UseFullKinematicContacts: 0
  m_UseAutoMass: 0
  m_Mass: 10
  m_LinearDrag: 0
  m_AngularDrag: 0.05
  m_GravityScale: 1
  m_Material: {fileID: 0}
  m_Interpolate: 0
  m_SleepingMode: 1
  m_CollisionDetection: 0
  m_Constraints: 0
--- !u!58 &1727745372685743828
CircleCollider2D:
  m_ObjectHideFlags: 0
  m_CorrespondingSourceObject: {fileID: 0}
  m_PrefabInstance: {fileID: 0}
  m_PrefabAsset: {fileID: 0}
  m_GameObject: {fileID: 7506177608113361372}
  m_Enabled: 1
  m_Density: 1
  m_Material: {fileID: 0}
  m_IsTrigger: 0
  m_UsedByEffector: 0
  m_UsedByComposite: 0
  m_Offset: {x: 0, y: 0}
  serializedVersion: 2
  m_Radius: 1.8
--- !u!1001 &8815139754253010370
PrefabInstance:
  m_ObjectHideFlags: 0
  serializedVersion: 2
  m_Modification:
    m_TransformParent: {fileID: 2240940768351785969}
    m_Modifications:
    - target: {fileID: 1010594942680237643, guid: 39c3bdfeef37fbd4aa5fa074a5f7fb80,
        type: 3}
      propertyPath: m_Name
      value: boxshel2
      objectReference: {fileID: 0}
    - target: {fileID: 1010594942680237646, guid: 39c3bdfeef37fbd4aa5fa074a5f7fb80,
        type: 3}
      propertyPath: m_LocalPosition.x
      value: -0.4
      objectReference: {fileID: 0}
    - target: {fileID: 1010594942680237646, guid: 39c3bdfeef37fbd4aa5fa074a5f7fb80,
        type: 3}
      propertyPath: m_LocalPosition.y
      value: 0.3
      objectReference: {fileID: 0}
    - target: {fileID: 1010594942680237646, guid: 39c3bdfeef37fbd4aa5fa074a5f7fb80,
        type: 3}
      propertyPath: m_LocalPosition.z
      value: -2.6684911
      objectReference: {fileID: 0}
    - target: {fileID: 1010594942680237646, guid: 39c3bdfeef37fbd4aa5fa074a5f7fb80,
        type: 3}
      propertyPath: m_LocalRotation.x
      value: -0.7071068
      objectReference: {fileID: 0}
    - target: {fileID: 1010594942680237646, guid: 39c3bdfeef37fbd4aa5fa074a5f7fb80,
        type: 3}
      propertyPath: m_LocalRotation.y
      value: -0
      objectReference: {fileID: 0}
    - target: {fileID: 1010594942680237646, guid: 39c3bdfeef37fbd4aa5fa074a5f7fb80,
        type: 3}
      propertyPath: m_LocalRotation.z
      value: -0
      objectReference: {fileID: 0}
    - target: {fileID: 1010594942680237646, guid: 39c3bdfeef37fbd4aa5fa074a5f7fb80,
        type: 3}
      propertyPath: m_LocalRotation.w
      value: 0.7071068
      objectReference: {fileID: 0}
    - target: {fileID: 1010594942680237646, guid: 39c3bdfeef37fbd4aa5fa074a5f7fb80,
        type: 3}
      propertyPath: m_RootOrder
      value: 5
      objectReference: {fileID: 0}
    - target: {fileID: 1010594942680237646, guid: 39c3bdfeef37fbd4aa5fa074a5f7fb80,
        type: 3}
      propertyPath: m_LocalEulerAnglesHint.x
      value: -90
      objectReference: {fileID: 0}
    - target: {fileID: 1010594942680237646, guid: 39c3bdfeef37fbd4aa5fa074a5f7fb80,
        type: 3}
      propertyPath: m_LocalEulerAnglesHint.y
      value: 0
      objectReference: {fileID: 0}
    - target: {fileID: 1010594942680237646, guid: 39c3bdfeef37fbd4aa5fa074a5f7fb80,
        type: 3}
      propertyPath: m_LocalEulerAnglesHint.z
      value: 0
      objectReference: {fileID: 0}
    - target: {fileID: 1010594942680237646, guid: 39c3bdfeef37fbd4aa5fa074a5f7fb80,
        type: 3}
      propertyPath: m_LocalScale.x
      value: 1.4008713
      objectReference: {fileID: 0}
    - target: {fileID: 1010594942680237646, guid: 39c3bdfeef37fbd4aa5fa074a5f7fb80,
        type: 3}
      propertyPath: m_LocalScale.y
      value: 0.99460745
      objectReference: {fileID: 0}
    m_RemovedComponents: []
  m_SourcePrefab: {fileID: 100100000, guid: 39c3bdfeef37fbd4aa5fa074a5f7fb80, type: 3}
--- !u!4 &8382307592683111308 stripped
Transform:
  m_CorrespondingSourceObject: {fileID: 1010594942680237646, guid: 39c3bdfeef37fbd4aa5fa074a5f7fb80,
    type: 3}
  m_PrefabInstance: {fileID: 8815139754253010370}
  m_PrefabAsset: {fileID: 0}
--- !u!198 &8382307592683111307 stripped
ParticleSystem:
  m_CorrespondingSourceObject: {fileID: 1010594942680237641, guid: 39c3bdfeef37fbd4aa5fa074a5f7fb80,
    type: 3}
  m_PrefabInstance: {fileID: 8815139754253010370}
  m_PrefabAsset: {fileID: 0}
