%YAML 1.1
%TAG !u! tag:unity3d.com,2011:
--- !u!29 &1
OcclusionCullingSettings:
  m_ObjectHideFlags: 0
  serializedVersion: 2
  m_OcclusionBakeSettings:
    smallestOccluder: 5
    smallestHole: 0.25
    backfaceThreshold: 100
  m_SceneGUID: 00000000000000000000000000000000
  m_OcclusionCullingData: {fileID: 0}
--- !u!104 &2
RenderSettings:
  m_ObjectHideFlags: 0
  serializedVersion: 9
  m_Fog: 0
  m_FogColor: {r: 0.5, g: 0.5, b: 0.5, a: 1}
  m_FogMode: 3
  m_FogDensity: 0.01
  m_LinearFogStart: 0
  m_LinearFogEnd: 300
  m_AmbientSkyColor: {r: 0.212, g: 0.227, b: 0.259, a: 1}
  m_AmbientEquatorColor: {r: 0.114, g: 0.125, b: 0.133, a: 1}
  m_AmbientGroundColor: {r: 0.047, g: 0.043, b: 0.035, a: 1}
  m_AmbientIntensity: 1
  m_AmbientMode: 3
  m_SubtractiveShadowColor: {r: 0.42, g: 0.478, b: 0.627, a: 1}
  m_SkyboxMaterial: {fileID: 0}
  m_HaloStrength: 0.5
  m_FlareStrength: 1
  m_FlareFadeSpeed: 3
  m_HaloTexture: {fileID: 0}
  m_SpotCookie: {fileID: 10001, guid: 0000000000000000e000000000000000, type: 0}
  m_DefaultReflectionMode: 0
  m_DefaultReflectionResolution: 128
  m_ReflectionBounces: 1
  m_ReflectionIntensity: 1
  m_CustomReflection: {fileID: 0}
  m_Sun: {fileID: 0}
  m_IndirectSpecularColor: {r: 0, g: 0, b: 0, a: 1}
  m_UseRadianceAmbientProbe: 0
--- !u!157 &3
LightmapSettings:
  m_ObjectHideFlags: 0
  serializedVersion: 11
  m_GIWorkflowMode: 1
  m_GISettings:
    serializedVersion: 2
    m_BounceScale: 1
    m_IndirectOutputScale: 1
    m_AlbedoBoost: 1
    m_EnvironmentLightingMode: 0
    m_EnableBakedLightmaps: 0
    m_EnableRealtimeLightmaps: 0
  m_LightmapEditorSettings:
    serializedVersion: 10
    m_Resolution: 2
    m_BakeResolution: 40
    m_AtlasSize: 1024
    m_AO: 0
    m_AOMaxDistance: 1
    m_CompAOExponent: 1
    m_CompAOExponentDirect: 0
    m_Padding: 2
    m_LightmapParameters: {fileID: 0}
    m_LightmapsBakeMode: 1
    m_TextureCompression: 1
    m_FinalGather: 0
    m_FinalGatherFiltering: 1
    m_FinalGatherRayCount: 256
    m_ReflectionCompression: 2
    m_MixedBakeMode: 2
    m_BakeBackend: 0
    m_PVRSampling: 1
    m_PVRDirectSampleCount: 32
    m_PVRSampleCount: 500
    m_PVRBounces: 2
    m_PVRFilterTypeDirect: 0
    m_PVRFilterTypeIndirect: 0
    m_PVRFilterTypeAO: 0
    m_PVRFilteringMode: 1
    m_PVRCulling: 1
    m_PVRFilteringGaussRadiusDirect: 1
    m_PVRFilteringGaussRadiusIndirect: 5
    m_PVRFilteringGaussRadiusAO: 2
    m_PVRFilteringAtrousPositionSigmaDirect: 0.5
    m_PVRFilteringAtrousPositionSigmaIndirect: 2
    m_PVRFilteringAtrousPositionSigmaAO: 1
    m_ShowResolutionOverlay: 1
  m_LightingDataAsset: {fileID: 0}
  m_UseShadowmask: 1
--- !u!196 &4
NavMeshSettings:
  serializedVersion: 2
  m_ObjectHideFlags: 0
  m_BuildSettings:
    serializedVersion: 2
    agentTypeID: 0
    agentRadius: 0.5
    agentHeight: 2
    agentSlope: 45
    agentClimb: 0.4
    ledgeDropHeight: 0
    maxJumpAcrossDistance: 0
    minRegionArea: 2
    manualCellSize: 0
    cellSize: 0.16666667
    manualTileSize: 0
    tileSize: 256
    accuratePlacement: 0
    debug:
      m_Flags: 0
  m_NavMeshData: {fileID: 0}
--- !u!1 &108202100
GameObject:
  m_ObjectHideFlags: 0
  m_CorrespondingSourceObject: {fileID: 0}
  m_PrefabInstance: {fileID: 0}
  m_PrefabAsset: {fileID: 0}
  serializedVersion: 6
  m_Component:
  - component: {fileID: 108202103}
  - component: {fileID: 108202102}
  - component: {fileID: 108202101}
  m_Layer: 0
  m_Name: SpriteShape
  m_TagString: Untagged
  m_Icon: {fileID: 0}
  m_NavMeshLayer: 0
  m_StaticEditorFlags: 0
  m_IsActive: 1
--- !u!114 &108202101
MonoBehaviour:
  m_ObjectHideFlags: 0
  m_CorrespondingSourceObject: {fileID: 0}
  m_PrefabInstance: {fileID: 0}
  m_PrefabAsset: {fileID: 0}
  m_GameObject: {fileID: 108202100}
  m_Enabled: 1
  m_EditorHideFlags: 0
  m_Script: {fileID: 11500000, guid: 90539df1cd5704abcb25fec9f3f5f84b, type: 3}
  m_Name: 
  m_EditorClassIdentifier: 
  m_Spline:
    m_IsOpenEnded: 0
    m_ControlPoints:
    - position: {x: 0.81370234, y: -2.2769718, z: 0}
      leftTangent: {x: 0, y: 0, z: 0}
      rightTangent: {x: 0, y: 0, z: 0}
      mode: 0
      height: 1
      bevelCutoff: 0
      bevelSize: 0
      spriteIndex: 0
      corner: 0
    - position: {x: -1.5717652, y: -2.3345032, z: 0}
      leftTangent: {x: 0, y: 0, z: 0}
      rightTangent: {x: 0, y: 0, z: 0}
      mode: 0
      height: 1
      bevelCutoff: 0
      bevelSize: 0
      spriteIndex: 0
      corner: 0
    - position: {x: -5.1294527, y: -2.4269218, z: 0}
      leftTangent: {x: 0, y: 0, z: 0}
      rightTangent: {x: 0, y: 0, z: 0}
      mode: 0
      height: 1
      bevelCutoff: 0
      bevelSize: 0
      spriteIndex: 0
      corner: 0
    - position: {x: -5.279731, y: -2.4234881, z: 0}
      leftTangent: {x: 0, y: 0, z: 0}
      rightTangent: {x: 0, y: 0, z: 0}
      mode: 0
      height: 1
      bevelCutoff: 0
      bevelSize: 0
      spriteIndex: 0
      corner: 0
    - position: {x: -9.386331, y: -2.46944, z: 0}
      leftTangent: {x: -0.9577754, y: -0.8990501, z: -0}
      rightTangent: {x: 0.0949955, y: 0.089170456, z: 0}
      mode: 0
      height: 1
      bevelCutoff: 0
      bevelSize: 0
      spriteIndex: 0
      corner: 0
    - position: {x: -9.336347, y: 2.1628947, z: 0}
      leftTangent: {x: -2.4459972, y: -1.0106535, z: 0}
      rightTangent: {x: 1.0840616, y: 0.44791937, z: 0}
      mode: 0
      height: 1
      bevelCutoff: 0
      bevelSize: 0
      spriteIndex: 0
      corner: 0
    - position: {x: -1.9082711, y: 2.2401698, z: 0}
      leftTangent: {x: -1.8492799, y: 1.3982975, z: 0}
      rightTangent: {x: 1.8492796, y: -1.3982977, z: 0}
      mode: 1
      height: 1
      bevelCutoff: 0
      bevelSize: 0
      spriteIndex: 0
      corner: 0
    - position: {x: 4.4096966, y: 2.7658193, z: 0}
      leftTangent: {x: -1.0726309, y: -0.023219585, z: 0}
      rightTangent: {x: 1.5413389, y: 0.033365726, z: 0}
      mode: 2
      height: 1
      bevelCutoff: 0
      bevelSize: 0
      spriteIndex: 0
      corner: 0
    - position: {x: 9.200153, y: 0.86689377, z: 0}
      leftTangent: {x: -2.1463804, y: -0.038613796, z: 0}
      rightTangent: {x: 1.958745, y: 0.035238266, z: 0}
      mode: 2
      height: 1
      bevelCutoff: 0
      bevelSize: 0
      spriteIndex: 0
      corner: 0
    - position: {x: 20.299051, y: 0.1553948, z: 0}
      leftTangent: {x: -4.7462225, y: -0.83052087, z: 0}
      rightTangent: {x: 1.3116283, y: 0.22951627, z: 0}
      mode: 2
      height: 1
      bevelCutoff: 0
      bevelSize: 0
      spriteIndex: 0
      corner: 0
    - position: {x: 24.065044, y: 1.2736175, z: 0}
      leftTangent: {x: -1.1495762, y: -0.11391926, z: 0}
      rightTangent: {x: 3.0102444, y: 0.29830563, z: 0}
      mode: 2
      height: 1
      bevelCutoff: 0
      bevelSize: 0
      spriteIndex: 0
      corner: 0
    - position: {x: 34.04431, y: 0.9811764, z: 0}
      leftTangent: {x: -4.30464, y: -0.04650402, z: 0}
      rightTangent: {x: 0.94615555, y: 0.0102216005, z: 0}
      mode: 2
      height: 1
      bevelCutoff: 0
      bevelSize: 0
      spriteIndex: 0
      corner: 0
    - position: {x: 43.69254, y: 1.4872684, z: 0}
      leftTangent: {x: -4.7032623, y: -0.6253817, z: 0}
      rightTangent: {x: 2.3866806, y: 0.3173511, z: 0}
      mode: 2
      height: 1
      bevelCutoff: 0
      bevelSize: 0
      spriteIndex: 0
      corner: 0
    - position: {x: 51.100956, y: 3.1199942, z: 0}
      leftTangent: {x: -2.6953278, y: -0.3782723, z: 0}
      rightTangent: {x: 4.681362, y: 0.6569996, z: 0}
      mode: 2
      height: 1
      bevelCutoff: 0
      bevelSize: 0
      spriteIndex: 0
      corner: 0
    - position: {x: 64.37618, y: 3.9497972, z: 0}
      leftTangent: {x: -3.7815819, y: 2.223514, z: 0}
      rightTangent: {x: 5.5503387, y: 0.008551598, z: 0}
      mode: 2
      height: 1
      bevelCutoff: 0
      bevelSize: 0
      spriteIndex: 0
      corner: 0
    - position: {x: 86.74458, y: 1.5890489, z: 0}
      leftTangent: {x: -7.0590363, y: -0.0067367554, z: 0}
      rightTangent: {x: 4.5999756, y: 0.004389763, z: 0}
      mode: 2
      height: 1
      bevelCutoff: 0
      bevelSize: 0
      spriteIndex: 0
      corner: 0
    - position: {x: 105.4659, y: 2.9416652, z: 0}
      leftTangent: {x: -5.218796, y: -0.0027318, z: 0}
      rightTangent: {x: 16.123573, y: 4.518907, z: 0}
      mode: 2
      height: 1
      bevelCutoff: 0
      bevelSize: 0
      spriteIndex: 0
      corner: 0
    - position: {x: 164.67395, y: 3.1748953, z: 0}
      leftTangent: {x: -35.56125, y: -8.342762, z: 0}
      rightTangent: {x: 5.461029, y: 0.0008196831, z: 0}
      mode: 2
      height: 1
      bevelCutoff: 0
      bevelSize: 0
      spriteIndex: 0
      corner: 0
    - position: {x: 199.88489, y: 3.147735, z: 0}
      leftTangent: {x: -20.516068, y: 3.9774652, z: -0}
      rightTangent: {x: 8.468735, y: -1.6418391, z: 0}
      mode: 2
      height: 1
      bevelCutoff: 0
      bevelSize: 0
      spriteIndex: 0
      corner: 0
    - position: {x: 226.29501, y: 4.015346, z: 0}
      leftTangent: {x: -13.294907, y: 1.7998252, z: 0}
      rightTangent: {x: 11.922867, y: 0.41038942, z: 0}
      mode: 2
      height: 1
      bevelCutoff: 0
      bevelSize: 0
      spriteIndex: 0
      corner: 0
    - position: {x: 247.69072, y: 3.4409857, z: 0}
      leftTangent: {x: -623.5834, y: 0.24549866, z: -0}
      rightTangent: {x: 623.5834, y: -0.24549866, z: 0}
      mode: 0
      height: 1
      bevelCutoff: 0
      bevelSize: 0
      spriteIndex: 0
      corner: 0
    - position: {x: 278.28543, y: 2.2816925, z: 0}
      leftTangent: {x: 0, y: 0, z: 0}
      rightTangent: {x: 0, y: 0, z: 0}
      mode: 0
      height: 1
      bevelCutoff: 0
      bevelSize: 0
      spriteIndex: 0
      corner: 0
    - position: {x: 298.8414, y: 0.16855812, z: 0}
      leftTangent: {x: 0, y: 0, z: 0}
      rightTangent: {x: 0, y: 0, z: 0}
      mode: 0
      height: 1
      bevelCutoff: 0
      bevelSize: 0
      spriteIndex: 0
      corner: 0
    - position: {x: 315.75955, y: 1.5324764, z: 0}
      leftTangent: {x: 0, y: 0, z: 0}
      rightTangent: {x: 0, y: 0, z: 0}
      mode: 0
      height: 1
      bevelCutoff: 0
      bevelSize: 0
      spriteIndex: 0
      corner: 0
    - position: {x: 361.53067, y: 1.6137354, z: 0}
      leftTangent: {x: -22.313019, y: -1.1823897, z: 0}
      rightTangent: {x: 7.348114, y: 0.38938403, z: 0}
      mode: 2
      height: 1
      bevelCutoff: 0
      bevelSize: 0
      spriteIndex: 0
      corner: 0
    - position: {x: 377.15128, y: 2.8380952, z: 0}
      leftTangent: {x: -5.365967, y: -1.7738385, z: 0}
      rightTangent: {x: 0.53411865, y: 0.051370382, z: 0}
      mode: 2
      height: 1
      bevelCutoff: 0
      bevelSize: 0
      spriteIndex: 0
      corner: 0
    - position: {x: 389.41278, y: 1.3484433, z: 0}
      leftTangent: {x: -4.2571106, y: -0.17398953, z: -0}
      rightTangent: {x: 4.2571106, y: 0.17398953, z: 0}
      mode: 1
      height: 1
      bevelCutoff: 0
      bevelSize: 0
      spriteIndex: 0
      corner: 0
    - position: {x: 405.908, y: 2.000307, z: 0}
      leftTangent: {x: -12.577423, y: 1.7120643, z: 0}
      rightTangent: {x: 17.902588, y: -2.436939, z: 0}
      mode: 2
      height: 1
      bevelCutoff: 0
      bevelSize: 0
      spriteIndex: 0
      corner: 0
    - position: {x: 479.79446, y: 3.2768154, z: 0}
      leftTangent: {x: -26.139893, y: -0.8185787, z: 0}
      rightTangent: {x: 7.9484863, y: 1.0343847, z: 0}
      mode: 2
      height: 1
      bevelCutoff: 0
      bevelSize: 0
      spriteIndex: 0
      corner: 0
    - position: {x: 501.1499, y: 2.6759987, z: 0}
      leftTangent: {x: -7.7352295, y: 2.2987833, z: 0}
      rightTangent: {x: 1.7887573, y: -0.13695383, z: 0}
      mode: 2
      height: 1
      bevelCutoff: 0
      bevelSize: 0
      spriteIndex: 0
      corner: 0
    - position: {x: 511.79953, y: 4.2269344, z: 0}
      leftTangent: {x: -1.9205627, y: 0.8327813, z: 0}
      rightTangent: {x: 9.686798, y: -4.200316, z: 0}
      mode: 2
      height: 1
      bevelCutoff: 0
      bevelSize: 0
      spriteIndex: 0
      corner: 0
    - position: {x: 556.263, y: 3.8505998, z: 0}
      leftTangent: {x: -16.246033, y: 0.31071663, z: 0}
      rightTangent: {x: 3.6567383, y: -0.069937944, z: 0}
      mode: 2
      height: 1
      bevelCutoff: 0
      bevelSize: 0
      spriteIndex: 0
      corner: 0
    - position: {x: 566.3768, y: 2.4645514, z: 0}
      leftTangent: {x: -3.883484, y: 0.002234459, z: 0}
      rightTangent: {x: 3.4661865, y: -0.0019943714, z: 0}
      mode: 2
      height: 1
      bevelCutoff: 0
      bevelSize: 0
      spriteIndex: 0
      corner: 0
    - position: {x: 581.9926, y: 5.507151, z: 0}
      leftTangent: {x: -3.7642822, y: 0.2541126, z: 0}
      rightTangent: {x: 5.961731, y: -0.40245926, z: 0}
      mode: 2
      height: 1
      bevelCutoff: 0
      bevelSize: 0
      spriteIndex: 0
      corner: 0
    - position: {x: 600.50037, y: 3.8444557, z: 0}
      leftTangent: {x: -6.178467, y: -0.057186007, z: 0}
      rightTangent: {x: 26.40149, y: 0.24436212, z: 0}
      mode: 2
      height: 1
      bevelCutoff: 0
      bevelSize: 0
      spriteIndex: 0
      corner: 0
    - position: {x: 686.86096, y: 4.4270906, z: 0}
      leftTangent: {x: -35.15045, y: -0.9950199, z: 0}
      rightTangent: {x: 9.027771, y: 0.2555542, z: 0}
      mode: 2
      height: 1
      bevelCutoff: 0
      bevelSize: 0
      spriteIndex: 0
      corner: 0
    - position: {x: 714.2233, y: 6.225501, z: 0}
      leftTangent: {x: -9.400818, y: 0.052461147, z: 0}
      rightTangent: {x: 22.981262, y: -8.220516, z: 0}
      mode: 2
      height: 1
      bevelCutoff: 0
      bevelSize: 0
      spriteIndex: 0
      corner: 0
    - position: {x: 835.24347, y: 11.150167, z: 0}
      leftTangent: {x: -38.86084, y: -3.0646362, z: 0}
      rightTangent: {x: 6.0405273, y: 0.47636795, z: 0}
      mode: 2
      height: 1
      bevelCutoff: 0
      bevelSize: 0
      spriteIndex: 0
      corner: 0
    - position: {x: 884.17316, y: 6.630744, z: 0}
      leftTangent: {x: -13.025513, y: -0.05037117, z: 0}
      rightTangent: {x: 1.9049072, y: 0.0073661804, z: 0}
      mode: 2
      height: 1
      bevelCutoff: 0
      bevelSize: 0
      spriteIndex: 0
      corner: 0
    - position: {x: 895.88416, y: 9.523628, z: 0}
      leftTangent: {x: -0.7229004, y: 0.003419876, z: 0}
      rightTangent: {x: 4.23468, y: -0.020030975, z: 0}
      mode: 2
      height: 1
      bevelCutoff: 0
      bevelSize: 0
      spriteIndex: 0
      corner: 0
    - position: {x: 912.42834, y: 7.66614, z: 0}
      leftTangent: {x: -4.609253, y: -0.08938408, z: 0}
      rightTangent: {x: 5.929016, y: 0.11497688, z: 0}
      mode: 2
      height: 1
      bevelCutoff: 0
      bevelSize: 0
      spriteIndex: 0
      corner: 0
    - position: {x: 930.98254, y: 6.067174, z: 0}
      leftTangent: {x: -6.289551, y: -0.36547852, z: 0}
      rightTangent: {x: 42.161804, y: 2.4499903, z: 0}
      mode: 2
      height: 1
      bevelCutoff: 0
      bevelSize: 0
      spriteIndex: 0
      corner: 0
    - position: {x: 1043.7222, y: 12.369167, z: 0}
      leftTangent: {x: -29.448608, y: -4.5214844, z: 0}
      rightTangent: {x: 4.5446777, y: 0.6977825, z: 0}
      mode: 2
      height: 1
      bevelCutoff: 0
      bevelSize: 0
      spriteIndex: 0
      corner: 0
    - position: {x: 1058.408, y: 14.557802, z: 0}
      leftTangent: {x: -5.314331, y: -2.8460484, z: 0}
      rightTangent: {x: 1.2144775, y: 0.650404, z: 0}
      mode: 2
      height: 1
      bevelCutoff: 0
      bevelSize: 0
      spriteIndex: 0
      corner: 0
    - position: {x: 1065.0532, y: 18.993753, z: 0}
      leftTangent: {x: -0.75549316, y: -0.0840435, z: 0}
      rightTangent: {x: 2.940918, y: 0.3271637, z: 0}
      mode: 2
      height: 1
      bevelCutoff: 0
      bevelSize: 0
      spriteIndex: 0
      corner: 0
    - position: {x: 1073.5498, y: 14.252953, z: 0}
      leftTangent: {x: -3.2106934, y: 0.57310295, z: 0}
      rightTangent: {x: 13.270386, y: -2.3687553, z: 0}
      mode: 2
      height: 1
      bevelCutoff: 0
      bevelSize: 0
      spriteIndex: 0
      corner: 0
    - position: {x: 1116.3956, y: 16.244217, z: 0}
      leftTangent: {x: -13.337769, y: -3.0001183, z: 0}
      rightTangent: {x: 17.62854, y: 3.96529, z: 0}
      mode: 2
      height: 1
      bevelCutoff: 0
      bevelSize: 0
      spriteIndex: 0
      corner: 0
    - position: {x: 1172.8557, y: 19.628979, z: 0}
      leftTangent: {x: -18.66211, y: 4.669174, z: 0}
      rightTangent: {x: 64.21118, y: -0.49956512, z: 0}
      mode: 2
      height: 1
      bevelCutoff: 0
      bevelSize: 0
      spriteIndex: 0
      corner: 0
    - position: {x: 1363.251, y: 27.934189, z: 0}
      leftTangent: {x: -79.609985, y: -1.864788, z: 0}
      rightTangent: {x: 5.781128, y: 0.13541603, z: 0}
      mode: 2
      height: 1
      bevelCutoff: 0
      bevelSize: 0
      spriteIndex: 0
      corner: 0
    - position: {x: 1385.3373, y: 31.342041, z: 0}
      leftTangent: {x: -6.100586, y: -0.041589737, z: 0}
      rightTangent: {x: 2.2547607, y: 0.015371323, z: 0}
      mode: 2
      height: 1
      bevelCutoff: 0
      bevelSize: 0
      spriteIndex: 0
      corner: 0
    - position: {x: 1393.4972, y: 26.42018, z: 0}
      leftTangent: {x: -2.4256592, y: -0.07299042, z: 0}
      rightTangent: {x: 36.3031, y: 1.0923939, z: 0}
      mode: 2
      height: 1
      bevelCutoff: 0
      bevelSize: 0
      spriteIndex: 0
      corner: 0
    - position: {x: 1522.4502, y: 35.916035, z: 0}
      leftTangent: {x: -38.05774, y: -1.2433968, z: 0}
      rightTangent: {x: 18.357056, y: -7.4394493, z: 0}
      mode: 2
      height: 1
      bevelCutoff: 0
      bevelSize: 0
      spriteIndex: 0
      corner: 0
    - position: {x: 1557.4655, y: 34.851658, z: 0}
      leftTangent: {x: -8.100464, y: 3.2465897, z: 0}
      rightTangent: {x: 56.33606, y: -0.9619293, z: 0}
      mode: 2
      height: 1
      bevelCutoff: 0
      bevelSize: 0
      spriteIndex: 0
      corner: 0
    - position: {x: 1783.3044, y: 26.477245, z: 0}
      leftTangent: {x: -77.099365, y: -0.039634705, z: 0}
      rightTangent: {x: 10.92395, y: 1.8109074, z: 0}
      mode: 2
      height: 1
      bevelCutoff: 0
      bevelSize: 0
      spriteIndex: 0
      corner: 0
    - position: {x: 1815.3066, y: 29.393175, z: 0}
      leftTangent: {x: -18.892822, y: 3.4675198, z: 0}
      rightTangent: {x: 15.642578, y: 0.55716705, z: 0}
      mode: 2
      height: 1
      bevelCutoff: 0
      bevelSize: 0
      spriteIndex: 0
      corner: 0
    - position: {x: 1858.9766, y: 30.978745, z: 0}
      leftTangent: {x: -13.255127, y: -1.3121243, z: 0}
      rightTangent: {x: 37.710693, y: -1.0000553, z: 0}
      mode: 2
      height: 1
      bevelCutoff: 0
      bevelSize: 0
      spriteIndex: 0
      corner: 0
    - position: {x: 1993.5879, y: 42.97922, z: 0}
      leftTangent: {x: -51.4115, y: -5.6450615, z: 0}
      rightTangent: {x: 11.696533, y: 1.2843056, z: 0}
      mode: 2
      height: 1
      bevelCutoff: 0
      bevelSize: 0
      spriteIndex: 0
      corner: 0
    - position: {x: 2052.3381, y: 42.09923, z: 0}
      leftTangent: {x: -8.482056, y: 0.32159424, z: 0}
      rightTangent: {x: 40.064453, y: -1.5190392, z: 0}
      mode: 2
      height: 1
      bevelCutoff: 0
      bevelSize: 0
      spriteIndex: 0
      corner: 0
    - position: {x: 2170.1846, y: 28.73853, z: 0}
      leftTangent: {x: -30.348877, y: 1.8139725, z: 0}
      rightTangent: {x: 46.785645, y: -2.796402, z: 0}
      mode: 2
      height: 1
      bevelCutoff: 0
      bevelSize: 0
      spriteIndex: 0
      corner: 0
    - position: {x: 2317.7634, y: 30.863361, z: 0}
      leftTangent: {x: -72.24609, y: 0.6208534, z: 0}
      rightTangent: {x: 32.0813, y: -0.2756958, z: 0}
      mode: 2
      height: 1
      bevelCutoff: 0
      bevelSize: 0
      spriteIndex: 0
      corner: 0
    - position: {x: 2547.6423, y: 33.211285, z: 0}
      leftTangent: {x: -35.7229, y: 17.042221, z: 0}
      rightTangent: {x: 94.319336, y: -4.753105, z: 0}
      mode: 2
      height: 1
      bevelCutoff: 0
      bevelSize: 0
      spriteIndex: 0
      corner: 0
    - position: {x: 2846.6902, y: 43.84677, z: 0}
      leftTangent: {x: -83.44214, y: -9.848709, z: 0}
      rightTangent: {x: 76.03955, y: 8.974953, z: 0}
      mode: 2
      height: 1
      bevelCutoff: 0
      bevelSize: 0
      spriteIndex: 0
      corner: 0
    - position: {x: 2999.6204, y: 46.54051, z: 0}
      leftTangent: {x: -86.30322, y: 30.23885, z: 0}
      rightTangent: {x: 89.58423, y: -31.388458, z: 0}
      mode: 0
      height: 1
      bevelCutoff: 0
      bevelSize: 0
      spriteIndex: 0
      corner: 0
    - position: {x: 3016.0322, y: -5.911901, z: 0}
      leftTangent: {x: 0, y: 0, z: 0}
      rightTangent: {x: 0, y: 0, z: 0}
      mode: 0
      height: 1
      bevelCutoff: 0
      bevelSize: 0
      spriteIndex: 0
      corner: 0
    - position: {x: 3010.6987, y: 1, z: 0}
      leftTangent: {x: 0, y: 0, z: 0}
      rightTangent: {x: 0, y: 0, z: 0}
      mode: 0
      height: 1
      bevelCutoff: 0
      bevelSize: 0
      spriteIndex: 0
      corner: 0
    - position: {x: 3016.0479, y: -1.0825024, z: 0}
      leftTangent: {x: 0, y: 0, z: 0}
      rightTangent: {x: 0, y: 0, z: 0}
      mode: 0
      height: 1
      bevelCutoff: 0
      bevelSize: 0
      spriteIndex: 0
      corner: 0
    - position: {x: 3.5694115, y: -2.2769723, z: 0}
      leftTangent: {x: 0, y: 0, z: 0}
      rightTangent: {x: 0, y: 0, z: 0}
      mode: 0
      height: 1
      bevelCutoff: 0
      bevelSize: 0
      spriteIndex: 0
      corner: 0
  m_SpriteShape: {fileID: 11400000, guid: ff1f742368d0e2c4a8aadf30a907139e, type: 2}
  m_SplineDetail: 16
  m_AdaptiveUV: 1
  m_UpdateCollider: 1
  m_ColliderDetail: 4
  m_ColliderOffset: 0
  m_ColliderCornerType: 0
--- !u!1971053207 &108202102
SpriteShapeRenderer:
  m_ObjectHideFlags: 0
  m_CorrespondingSourceObject: {fileID: 0}
  m_PrefabInstance: {fileID: 0}
  m_PrefabAsset: {fileID: 0}
  m_GameObject: {fileID: 108202100}
  m_Enabled: 1
  m_CastShadows: 1
  m_ReceiveShadows: 1
  m_DynamicOccludee: 1
  m_MotionVectors: 1
  m_LightProbeUsage: 1
  m_ReflectionProbeUsage: 1
  m_RenderingLayerMask: 1
  m_RendererPriority: 0
  m_Materials:
  - {fileID: 10754, guid: 0000000000000000f000000000000000, type: 0}
  m_StaticBatchInfo:
    firstSubMesh: 0
    subMeshCount: 0
  m_StaticBatchRoot: {fileID: 0}
  m_ProbeAnchor: {fileID: 0}
  m_LightProbeVolumeOverride: {fileID: 0}
  m_ScaleInLightmap: 1
  m_PreserveUVs: 0
  m_IgnoreNormalsForChartDetection: 0
  m_ImportantGI: 0
  m_StitchLightmapSeams: 0
  m_SelectedEditorRenderState: 0
  m_MinimumChartSize: 4
  m_AutoUVMaxDistance: 0.5
  m_AutoUVMaxAngle: 89
  m_LightmapParameters: {fileID: 0}
  m_SortingLayerID: 0
  m_SortingLayer: 0
  m_SortingOrder: 0
  m_Color: {r: 1, g: 1, b: 1, a: 1}
  m_MaskInteraction: 0
  m_ShapeTexture: {fileID: 2800000, guid: 906d3ae00b942464a9db99518671e5ef, type: 3}
  m_Sprites:
  - {fileID: 21300000, guid: 9f2004cbc960d084f8b4bd1328ade69a, type: 3}
  m_LocalAABB:
    m_Center: {x: 1503.3508, y: 21.435123, z: -0.026500002}
    m_Extent: {x: 1512.737, y: 27.347023, z: 0.026500002}
--- !u!4 &108202103
Transform:
  m_ObjectHideFlags: 0
  m_CorrespondingSourceObject: {fileID: 0}
  m_PrefabInstance: {fileID: 0}
  m_PrefabAsset: {fileID: 0}
  m_GameObject: {fileID: 108202100}
  m_LocalRotation: {x: 0, y: 0, z: 0, w: 1}
  m_LocalPosition: {x: -3.03, y: -2.48, z: 0}
  m_LocalScale: {x: 1, y: 1, z: 1}
  m_Children: []
  m_Father: {fileID: 0}
  m_RootOrder: 1
  m_LocalEulerAnglesHint: {x: 0, y: 0, z: 0}
--- !u!1 &519420028
GameObject:
  m_ObjectHideFlags: 0
  m_CorrespondingSourceObject: {fileID: 0}
  m_PrefabInstance: {fileID: 0}
  m_PrefabAsset: {fileID: 0}
  serializedVersion: 6
  m_Component:
  - component: {fileID: 519420032}
  - component: {fileID: 519420031}
  - component: {fileID: 519420029}
  m_Layer: 0
  m_Name: Main Camera
  m_TagString: MainCamera
  m_Icon: {fileID: 0}
  m_NavMeshLayer: 0
  m_StaticEditorFlags: 0
  m_IsActive: 1
--- !u!81 &519420029
AudioListener:
  m_ObjectHideFlags: 0
  m_CorrespondingSourceObject: {fileID: 0}
  m_PrefabInstance: {fileID: 0}
  m_PrefabAsset: {fileID: 0}
  m_GameObject: {fileID: 519420028}
  m_Enabled: 1
--- !u!20 &519420031
Camera:
  m_ObjectHideFlags: 0
  m_CorrespondingSourceObject: {fileID: 0}
  m_PrefabInstance: {fileID: 0}
  m_PrefabAsset: {fileID: 0}
  m_GameObject: {fileID: 519420028}
  m_Enabled: 1
  serializedVersion: 2
  m_ClearFlags: 2
  m_BackGroundColor: {r: 0.19215687, g: 0.3019608, b: 0.4745098, a: 0}
  m_projectionMatrixMode: 1
  m_SensorSize: {x: 36, y: 24}
  m_LensShift: {x: 0, y: 0}
  m_GateFitMode: 2
  m_FocalLength: 50
  m_NormalizedViewPortRect:
    serializedVersion: 2
    x: 0
    y: 0
    width: 1
    height: 1
  near clip plane: 0.3
  far clip plane: 1000
  field of view: 60
  orthographic: 1
  orthographic size: 5
  m_Depth: -1
  m_CullingMask:
    serializedVersion: 2
    m_Bits: 4294967295
  m_RenderingPath: -1
  m_TargetTexture: {fileID: 0}
  m_TargetDisplay: 0
  m_TargetEye: 0
  m_HDR: 1
  m_AllowMSAA: 0
  m_AllowDynamicResolution: 0
  m_ForceIntoRT: 0
  m_OcclusionCulling: 0
  m_StereoConvergence: 10
  m_StereoSeparation: 0.022
--- !u!4 &519420032
Transform:
  m_ObjectHideFlags: 0
  m_CorrespondingSourceObject: {fileID: 0}
  m_PrefabInstance: {fileID: 0}
  m_PrefabAsset: {fileID: 0}
  m_GameObject: {fileID: 519420028}
  m_LocalRotation: {x: 0, y: 0, z: 0, w: 1}
  m_LocalPosition: {x: 359, y: 1, z: -10}
  m_LocalScale: {x: 1, y: 1, z: 1}
  m_Children: []
  m_Father: {fileID: 0}
  m_RootOrder: 0
  m_LocalEulerAnglesHint: {x: 0, y: 0, z: 0}
