%YAML 1.1
%TAG !u! tag:unity3d.com,2011:
--- !u!29 &1
OcclusionCullingSettings:
  m_ObjectHideFlags: 0
  serializedVersion: 2
  m_OcclusionBakeSettings:
    smallestOccluder: 5
    smallestHole: 0.25
    backfaceThreshold: 100
  m_SceneGUID: 00000000000000000000000000000000
  m_OcclusionCullingData: {fileID: 0}
--- !u!104 &2
RenderSettings:
  m_ObjectHideFlags: 0
  serializedVersion: 9
  m_Fog: 0
  m_FogColor: {r: 0.5, g: 0.5, b: 0.5, a: 1}
  m_FogMode: 3
  m_FogDensity: 0.01
  m_LinearFogStart: 0
  m_LinearFogEnd: 300
  m_AmbientSkyColor: {r: 0.212, g: 0.227, b: 0.259, a: 1}
  m_AmbientEquatorColor: {r: 0.114, g: 0.125, b: 0.133, a: 1}
  m_AmbientGroundColor: {r: 0.047, g: 0.043, b: 0.035, a: 1}
  m_AmbientIntensity: 1
  m_AmbientMode: 3
  m_SubtractiveShadowColor: {r: 0.42, g: 0.478, b: 0.627, a: 1}
  m_SkyboxMaterial: {fileID: 0}
  m_HaloStrength: 0.5
  m_FlareStrength: 1
  m_FlareFadeSpeed: 3
  m_HaloTexture: {fileID: 0}
  m_SpotCookie: {fileID: 10001, guid: 0000000000000000e000000000000000, type: 0}
  m_DefaultReflectionMode: 0
  m_DefaultReflectionResolution: 128
  m_ReflectionBounces: 1
  m_ReflectionIntensity: 1
  m_CustomReflection: {fileID: 0}
  m_Sun: {fileID: 0}
  m_IndirectSpecularColor: {r: 0, g: 0, b: 0, a: 1}
  m_UseRadianceAmbientProbe: 0
--- !u!157 &3
LightmapSettings:
  m_ObjectHideFlags: 0
  serializedVersion: 11
  m_GIWorkflowMode: 1
  m_GISettings:
    serializedVersion: 2
    m_BounceScale: 1
    m_IndirectOutputScale: 1
    m_AlbedoBoost: 1
    m_EnvironmentLightingMode: 0
    m_EnableBakedLightmaps: 0
    m_EnableRealtimeLightmaps: 0
  m_LightmapEditorSettings:
    serializedVersion: 10
    m_Resolution: 2
    m_BakeResolution: 40
    m_AtlasSize: 1024
    m_AO: 0
    m_AOMaxDistance: 1
    m_CompAOExponent: 1
    m_CompAOExponentDirect: 0
    m_Padding: 2
    m_LightmapParameters: {fileID: 0}
    m_LightmapsBakeMode: 1
    m_TextureCompression: 1
    m_FinalGather: 0
    m_FinalGatherFiltering: 1
    m_FinalGatherRayCount: 256
    m_ReflectionCompression: 2
    m_MixedBakeMode: 2
    m_BakeBackend: 0
    m_PVRSampling: 1
    m_PVRDirectSampleCount: 32
    m_PVRSampleCount: 500
    m_PVRBounces: 2
    m_PVRFilterTypeDirect: 0
    m_PVRFilterTypeIndirect: 0
    m_PVRFilterTypeAO: 0
    m_PVRFilteringMode: 1
    m_PVRCulling: 1
    m_PVRFilteringGaussRadiusDirect: 1
    m_PVRFilteringGaussRadiusIndirect: 5
    m_PVRFilteringGaussRadiusAO: 2
    m_PVRFilteringAtrousPositionSigmaDirect: 0.5
    m_PVRFilteringAtrousPositionSigmaIndirect: 2
    m_PVRFilteringAtrousPositionSigmaAO: 1
    m_ShowResolutionOverlay: 1
  m_LightingDataAsset: {fileID: 0}
  m_UseShadowmask: 1
--- !u!196 &4
NavMeshSettings:
  serializedVersion: 2
  m_ObjectHideFlags: 0
  m_BuildSettings:
    serializedVersion: 2
    agentTypeID: 0
    agentRadius: 0.5
    agentHeight: 2
    agentSlope: 45
    agentClimb: 0.4
    ledgeDropHeight: 0
    maxJumpAcrossDistance: 0
    minRegionArea: 2
    manualCellSize: 0
    cellSize: 0.16666667
    manualTileSize: 0
    tileSize: 256
    accuratePlacement: 0
    debug:
      m_Flags: 0
  m_NavMeshData: {fileID: 0}
--- !u!1 &108202100
GameObject:
  m_ObjectHideFlags: 0
  m_CorrespondingSourceObject: {fileID: 0}
  m_PrefabInstance: {fileID: 0}
  m_PrefabAsset: {fileID: 0}
  serializedVersion: 6
  m_Component:
  - component: {fileID: 108202103}
  - component: {fileID: 108202102}
  - component: {fileID: 108202101}
  m_Layer: 0
  m_Name: SpriteShape
  m_TagString: Untagged
  m_Icon: {fileID: 0}
  m_NavMeshLayer: 0
  m_StaticEditorFlags: 0
  m_IsActive: 1
--- !u!114 &108202101
MonoBehaviour:
  m_ObjectHideFlags: 0
  m_CorrespondingSourceObject: {fileID: 0}
  m_PrefabInstance: {fileID: 0}
  m_PrefabAsset: {fileID: 0}
  m_GameObject: {fileID: 108202100}
  m_Enabled: 1
  m_EditorHideFlags: 0
  m_Script: {fileID: 11500000, guid: 90539df1cd5704abcb25fec9f3f5f84b, type: 3}
  m_Name: 
  m_EditorClassIdentifier: 
  m_Spline:
    m_IsOpenEnded: 0
    m_ControlPoints:
    - position: {x: 0.81370234, y: -2.2769718, z: 0}
      leftTangent: {x: 0, y: 0, z: 0}
      rightTangent: {x: 0, y: 0, z: 0}
      mode: 0
      height: 1
      bevelCutoff: 0
      bevelSize: 0
      spriteIndex: 0
      corner: 0
    - position: {x: -1.5717652, y: -2.3345032, z: 0}
      leftTangent: {x: 0, y: 0, z: 0}
      rightTangent: {x: 0, y: 0, z: 0}
      mode: 0
      height: 1
      bevelCutoff: 0
      bevelSize: 0
      spriteIndex: 0
      corner: 0
    - position: {x: -5.1294527, y: -2.4269218, z: 0}
      leftTangent: {x: 0, y: 0, z: 0}
      rightTangent: {x: 0, y: 0, z: 0}
      mode: 0
      height: 1
      bevelCutoff: 0
      bevelSize: 0
      spriteIndex: 0
      corner: 0
    - position: {x: -5.279731, y: -2.4234881, z: 0}
      leftTangent: {x: 0, y: 0, z: 0}
      rightTangent: {x: 0, y: 0, z: 0}
      mode: 0
      height: 1
      bevelCutoff: 0
      bevelSize: 0
      spriteIndex: 0
      corner: 0
    - position: {x: -9.386331, y: -2.46944, z: 0}
      leftTangent: {x: -0.9577754, y: -0.8990501, z: -0}
      rightTangent: {x: 0.0949955, y: 0.089170456, z: 0}
      mode: 0
      height: 1
      bevelCutoff: 0
      bevelSize: 0
      spriteIndex: 0
      corner: 0
    - position: {x: -9.520608, y: 1.4872637, z: 0}
      leftTangent: {x: -2.4459972, y: -1.0106535, z: 0}
      rightTangent: {x: 1.0840616, y: 0.44791937, z: 0}
      mode: 0
      height: 1
      bevelCutoff: 0
      bevelSize: 0
      spriteIndex: 0
      corner: 0
    - position: {x: -2.1310618, y: 1.493872, z: 0}
      leftTangent: {x: -5.227625, y: -0.07407725, z: 0}
      rightTangent: {x: 0.59604025, y: 0.008446097, z: 0}
      mode: 2
      height: 1
      bevelCutoff: 0
      bevelSize: 0
      spriteIndex: 0
      corner: 0
    - position: {x: -0.09486079, y: 0.8465724, z: 0}
      leftTangent: {x: -0.6880989, y: -0.01066494, z: 0}
      rightTangent: {x: 0.9279661, y: 0.014382839, z: 0}
      mode: 2
      height: 1
      bevelCutoff: 0
      bevelSize: 0
      spriteIndex: 0
      corner: 0
    - position: {x: 2.5056472, y: 0.12472105, z: 0}
      leftTangent: {x: -1.0726309, y: -0.023219585, z: 0}
      rightTangent: {x: 1.5413389, y: 0.033365726, z: 0}
      mode: 2
      height: 1
      bevelCutoff: 0
      bevelSize: 0
      spriteIndex: 0
      corner: 0
    - position: {x: 9.200153, y: 1.1739986, z: 0}
      leftTangent: {x: -2.1463804, y: -0.038613796, z: 0}
      rightTangent: {x: 1.958745, y: 0.035238266, z: 0}
      mode: 2
      height: 1
      bevelCutoff: 0
      bevelSize: 0
      spriteIndex: 0
      corner: 0
    - position: {x: 17.911196, y: 1.0944828, z: 0}
      leftTangent: {x: -2.3870087, y: -0.03320265, z: 0}
      rightTangent: {x: 4.6210213, y: 1.1707077, z: 0}
      mode: 2
      height: 1
      bevelCutoff: 0
      bevelSize: 0
      spriteIndex: 0
      corner: 0
    - position: {x: 34.04431, y: 0.9811764, z: 0}
      leftTangent: {x: -5.9485283, y: -0.064263344, z: 0}
      rightTangent: {x: 1.426281, y: 0.015408516, z: 0}
      mode: 2
      height: 1
      bevelCutoff: 0
      bevelSize: 0
      spriteIndex: 0
      corner: 0
    - position: {x: 51.100956, y: 3.1199942, z: 0}
      leftTangent: {x: -8.0068245, y: -1.1237068, z: 0}
      rightTangent: {x: 4.681362, y: 0.6569996, z: 0}
      mode: 2
      height: 1
      bevelCutoff: 0
      bevelSize: 0
      spriteIndex: 0
      corner: 0
    - position: {x: 64.37618, y: 3.9497972, z: 0}
      leftTangent: {x: -3.7815819, y: 2.223514, z: 0}
      rightTangent: {x: 5.5503387, y: 0.008551598, z: 0}
      mode: 2
      height: 1
      bevelCutoff: 0
      bevelSize: 0
      spriteIndex: 0
      corner: 0
    - position: {x: 86.74458, y: 1.5890489, z: 0}
      leftTangent: {x: -7.0590363, y: -0.0067367554, z: 0}
      rightTangent: {x: 4.5999756, y: 0.004389763, z: 0}
      mode: 2
      height: 1
      bevelCutoff: 0
      bevelSize: 0
      spriteIndex: 0
      corner: 0
    - position: {x: 105.4659, y: 2.9416652, z: 0}
      leftTangent: {x: -5.218796, y: -0.0027318, z: 0}
      rightTangent: {x: 16.123573, y: 4.518907, z: 0}
      mode: 2
      height: 1
      bevelCutoff: 0
      bevelSize: 0
      spriteIndex: 0
      corner: 0
    - position: {x: 164.67395, y: 3.1748953, z: 0}
      leftTangent: {x: -35.56125, y: -8.342762, z: 0}
      rightTangent: {x: 7.8511353, y: 0.001178503, z: 0}
      mode: 2
      height: 1
      bevelCutoff: 0
      bevelSize: 0
      spriteIndex: 0
      corner: 0
    - position: {x: 219.66153, y: 1.9767735, z: 0}
      leftTangent: {x: -20.910233, y: 0.06132531, z: 0}
      rightTangent: {x: 6.1688538, y: -2.532205, z: 0}
      mode: 2
      height: 1
      bevelCutoff: 0
      bevelSize: 0
      spriteIndex: 0
      corner: 0
    - position: {x: 232.92836, y: 2.8342469, z: 0}
      leftTangent: {x: -3.9115143, y: -0.014324665, z: 0}
      rightTangent: {x: 7.3737946, y: -2.3024912, z: 0}
      mode: 2
      height: 1
      bevelCutoff: 0
      bevelSize: 0
      spriteIndex: 0
      corner: 0
    - position: {x: 247.69072, y: 3.4409857, z: 0}
      leftTangent: {x: -623.5834, y: 0.24549866, z: -0}
      rightTangent: {x: 623.5834, y: -0.24549866, z: 0}
      mode: 0
      height: 1
      bevelCutoff: 0
      bevelSize: 0
      spriteIndex: 0
      corner: 0
    - position: {x: 278.28543, y: 2.2816925, z: 0}
      leftTangent: {x: 0, y: 0, z: 0}
      rightTangent: {x: 0, y: 0, z: 0}
      mode: 0
      height: 1
      bevelCutoff: 0
      bevelSize: 0
      spriteIndex: 0
      corner: 0
    - position: {x: 298.8414, y: 0.16855812, z: 0}
      leftTangent: {x: 0, y: 0, z: 0}
      rightTangent: {x: 0, y: 0, z: 0}
      mode: 0
      height: 1
      bevelCutoff: 0
      bevelSize: 0
      spriteIndex: 0
      corner: 0
    - position: {x: 315.75955, y: 1.5324764, z: 0}
      leftTangent: {x: 0, y: 0, z: 0}
      rightTangent: {x: 0, y: 0, z: 0}
      mode: 0
      height: 1
      bevelCutoff: 0
      bevelSize: 0
      spriteIndex: 0
      corner: 0
    - position: {x: 361.53067, y: 1.6137354, z: 0}
      leftTangent: {x: -22.313019, y: -1.1823897, z: 0}
      rightTangent: {x: 7.348114, y: 0.38938403, z: 0}
      mode: 2
      height: 1
      bevelCutoff: 0
      bevelSize: 0
      spriteIndex: 0
      corner: 0
    - position: {x: 377.15128, y: 2.8380952, z: 0}
      leftTangent: {x: -5.365967, y: -1.7738385, z: 0}
      rightTangent: {x: 0.53411865, y: 0.051370382, z: 0}
      mode: 2
      height: 1
      bevelCutoff: 0
      bevelSize: 0
      spriteIndex: 0
      corner: 0
    - position: {x: 389.41278, y: 1.3484433, z: 0}
      leftTangent: {x: -4.2571106, y: -0.17398953, z: -0}
      rightTangent: {x: 4.2571106, y: 0.17398953, z: 0}
      mode: 1
      height: 1
      bevelCutoff: 0
      bevelSize: 0
      spriteIndex: 0
      corner: 0
    - position: {x: 405.908, y: 2.000307, z: 0}
      leftTangent: {x: -12.577423, y: 1.7120643, z: 0}
      rightTangent: {x: 17.902588, y: -2.436939, z: 0}
      mode: 2
      height: 1
      bevelCutoff: 0
      bevelSize: 0
      spriteIndex: 0
      corner: 0
    - position: {x: 479.79446, y: 3.2768154, z: 0}
      leftTangent: {x: -26.139893, y: -0.8185787, z: 0}
      rightTangent: {x: 7.9484863, y: 1.0343847, z: 0}
      mode: 2
      height: 1
      bevelCutoff: 0
      bevelSize: 0
      spriteIndex: 0
      corner: 0
    - position: {x: 501.1499, y: 2.6759987, z: 0}
      leftTangent: {x: -7.7352295, y: 2.2987833, z: 0}
      rightTangent: {x: 1.7887573, y: -0.13695383, z: 0}
      mode: 2
      height: 1
      bevelCutoff: 0
      bevelSize: 0
      spriteIndex: 0
      corner: 0
    - position: {x: 511.79953, y: 4.2269344, z: 0}
      leftTangent: {x: -1.9205627, y: 0.8327813, z: 0}
      rightTangent: {x: 9.686798, y: -4.200316, z: 0}
      mode: 2
      height: 1
      bevelCutoff: 0
      bevelSize: 0
      spriteIndex: 0
      corner: 0
    - position: {x: 556.263, y: 3.8505998, z: 0}
      leftTangent: {x: -16.246033, y: 0.31071663, z: 0}
      rightTangent: {x: 3.6567383, y: -0.069937944, z: 0}
      mode: 2
      height: 1
      bevelCutoff: 0
      bevelSize: 0
      spriteIndex: 0
      corner: 0
    - position: {x: 566.3768, y: 2.4645514, z: 0}
      leftTangent: {x: -3.883484, y: 0.002234459, z: 0}
      rightTangent: {x: 3.4661865, y: -0.0019943714, z: 0}
      mode: 2
      height: 1
      bevelCutoff: 0
      bevelSize: 0
      spriteIndex: 0
      corner: 0
    - position: {x: 581.9926, y: 5.507151, z: 0}
      leftTangent: {x: -3.7642822, y: 0.2541126, z: 0}
      rightTangent: {x: 5.961731, y: -0.40245926, z: 0}
      mode: 2
      height: 1
      bevelCutoff: 0
      bevelSize: 0
      spriteIndex: 0
      corner: 0
    - position: {x: 600.50037, y: 3.8444557, z: 0}
      leftTangent: {x: -6.178467, y: -0.057186007, z: 0}
      rightTangent: {x: 21.133057, y: 0.19559956, z: 0}
      mode: 2
      height: 1
      bevelCutoff: 0
      bevelSize: 0
      spriteIndex: 0
      corner: 0
    - position: {x: 664.2487, y: 2.7072482, z: 0}
      leftTangent: {x: -25.21283, y: -0.35016274, z: 0}
      rightTangent: {x: 6.2854614, y: 0.08729458, z: 0}
      mode: 2
      height: 1
      bevelCutoff: 0
      bevelSize: 0
      spriteIndex: 0
      corner: 0
    - position: {x: 686.86096, y: 4.4270906, z: 0}
      leftTangent: {x: -7.014282, y: -0.19855595, z: 0}
      rightTangent: {x: 5.399658, y: 0.15285015, z: 0}
      mode: 2
      height: 1
      bevelCutoff: 0
      bevelSize: 0
      spriteIndex: 0
      corner: 0
    - position: {x: 701.8862, y: 3.081377, z: 0}
      leftTangent: {x: -5.4523926, y: -0.47218227, z: 0}
      rightTangent: {x: 3.6636353, y: 0.31727028, z: 0}
      mode: 2
      height: 1
      bevelCutoff: 0
      bevelSize: 0
      spriteIndex: 0
      corner: 0
    - position: {x: 714.76556, y: 4.8156967, z: 0}
      leftTangent: {x: -3.7780762, y: 0.021083355, z: 0}
      rightTangent: {x: 22.981262, y: -8.220516, z: 0}
      mode: 2
      height: 1
      bevelCutoff: 0
      bevelSize: 0
      spriteIndex: 0
      corner: 0
    - position: {x: 835.24347, y: 11.150167, z: 0}
      leftTangent: {x: -38.86084, y: -3.0646362, z: 0}
      rightTangent: {x: 6.92395, y: 0.54603386, z: 0}
      mode: 2
      height: 1
      bevelCutoff: 0
      bevelSize: 0
      spriteIndex: 0
      corner: 0
    - position: {x: 895.02423, y: 11.980461, z: 0}
      leftTangent: {x: -5.6657715, y: 0.026800156, z: 0}
      rightTangent: {x: 24.55371, y: -0.116140366, z: 0}
      mode: 2
      height: 1
      bevelCutoff: 0
      bevelSize: 0
      spriteIndex: 0
      corner: 0
    - position: {x: 964.90686, y: 8.437046, z: 0}
      leftTangent: {x: -35.25464, y: -0.6612911, z: 0}
      rightTangent: {x: 11.594727, y: 0.21748924, z: 0}
      mode: 2
      height: 1
      bevelCutoff: 0
      bevelSize: 0
      spriteIndex: 0
      corner: 0
    - position: {x: 1010.1781, y: 7.526682, z: 0}
      leftTangent: {x: -18.291016, y: 0.51530075, z: 0}
      rightTangent: {x: 23.323303, y: 2.1247387, z: 0}
      mode: 2
      height: 1
      bevelCutoff: 0
      bevelSize: 0
      spriteIndex: 0
      corner: 0
    - position: {x: 1057.2039, y: 8.486675, z: 0}
      leftTangent: {x: -12.020996, y: -1.3372726, z: 0}
      rightTangent: {x: 16.09021, y: 4.90897, z: 0}
      mode: 2
      height: 1
      bevelCutoff: 0
      bevelSize: 0
      spriteIndex: 0
      corner: 0
    - position: {x: 1112.0348, y: 11.944765, z: 0}
      leftTangent: {x: -16.564697, y: -3.7259731, z: 0}
      rightTangent: {x: 2.8192139, y: 0.63415146, z: 0}
      mode: 2
      height: 1
      bevelCutoff: 0
      bevelSize: 0
      spriteIndex: 0
      corner: 0
    - position: {x: 1125.3127, y: 10.766949, z: 0}
      leftTangent: {x: -2.5821533, y: -0.019872665, z: 0}
      rightTangent: {x: 8.54248, y: 0.06574631, z: 0}
      mode: 2
      height: 1
      bevelCutoff: 0
      bevelSize: 0
      spriteIndex: 0
      corner: 0
    - position: {x: 1150.8922, y: 14.649815, z: 0}
      leftTangent: {x: -10.16272, y: 0.042821884, z: 0}
      rightTangent: {x: 5.9735107, y: -0.02517128, z: 0}
      mode: 2
      height: 1
      bevelCutoff: 0
      bevelSize: 0
      spriteIndex: 0
      corner: 0
    - position: {x: 1172.8557, y: 19.628979, z: 0}
      leftTangent: {x: -5.803711, y: 1.4520626, z: 0}
      rightTangent: {x: 20.063354, y: -0.1560936, z: 0}
      mode: 2
      height: 1
      bevelCutoff: 0
      bevelSize: 0
      spriteIndex: 0
      corner: 0
    - position: {x: 1230.8223, y: 16.697767, z: 0}
      leftTangent: {x: -17.734253, y: -1.091322, z: 0}
      rightTangent: {x: 24.089355, y: 1.4823933, z: 0}
      mode: 2
      height: 1
      bevelCutoff: 0
      bevelSize: 0
      spriteIndex: 0
      corner: 0
    - position: {x: 1304.2358, y: 17.655695, z: 0}
      leftTangent: {x: -27.741821, y: -1.1184464, z: 0}
      rightTangent: {x: 8.715698, y: 0.3513813, z: 0}
      mode: 2
      height: 1
      bevelCutoff: 0
      bevelSize: 0
      spriteIndex: 0
      corner: 0
    - position: {x: 1329.9956, y: 18.186092, z: 0}
      leftTangent: {x: -10.214233, y: -1.1571388, z: 0}
      rightTangent: {x: 3.053711, y: 0.345953, z: 0}
      mode: 2
      height: 1
      bevelCutoff: 0
      bevelSize: 0
      spriteIndex: 0
      corner: 0
    - position: {x: 1342.247, y: 22.931269, z: 0}
      leftTangent: {x: -3.10083, y: 0.2210617, z: 0}
      rightTangent: {x: 12.15332, y: 0.5184269, z: 0}
      mode: 2
      height: 1
      bevelCutoff: 0
      bevelSize: 0
      spriteIndex: 0
      corner: 0
    - position: {x: 1385.3373, y: 31.342041, z: 0}
      leftTangent: {x: -13.653564, y: -0.09308243, z: 0}
      rightTangent: {x: 15.023315, y: 0.10242081, z: 0}
      mode: 2
      height: 1
      bevelCutoff: 0
      bevelSize: 0
      spriteIndex: 0
      corner: 0
    - position: {x: 1438.9681, y: 23.643715, z: 0}
      leftTangent: {x: -20.063354, y: -1.6601181, z: 0}
      rightTangent: {x: 33.86731, y: 2.8023148, z: 0}
      mode: 2
      height: 1
      bevelCutoff: 0
      bevelSize: 0
      spriteIndex: 0
      corner: 0
    - position: {x: 1517.2662, y: 21.54796, z: 0}
      leftTangent: {x: -25.454102, y: -1.3503075, z: 0}
      rightTangent: {x: 9.069458, y: 0.48112106, z: 0}
      mode: 2
      height: 1
      bevelCutoff: 0
      bevelSize: 0
      spriteIndex: 0
      corner: 0
    - position: {x: 1555.7708, y: 25.53077, z: 0}
      leftTangent: {x: -5.4552, y: 2.1863937, z: 0}
      rightTangent: {x: 6.5980225, y: -0.112659454, z: 0}
      mode: 2
      height: 1
      bevelCutoff: 0
      bevelSize: 0
      spriteIndex: 0
      corner: 0
    - position: {x: 1580.9166, y: 28.728539, z: 0}
      leftTangent: {x: -7.5023193, y: 0.10726547, z: 0}
      rightTangent: {x: 80.07471, y: -1.1448841, z: 0}
      mode: 2
      height: 1
      bevelCutoff: 0
      bevelSize: 0
      spriteIndex: 0
      corner: 0
    - position: {x: 1859.1178, y: 23.211336, z: 0}
      leftTangent: {x: -74.984985, y: -7.422739, z: 0}
      rightTangent: {x: 21.118652, y: -0.56004715, z: 0}
      mode: 2
      height: 1
      bevelCutoff: 0
      bevelSize: 0
      spriteIndex: 0
      corner: 0
    - position: {x: 1925.8848, y: 17.199835, z: 0}
      leftTangent: {x: -24.34082, y: -2.3764515, z: 0}
      rightTangent: {x: 8.419434, y: 0.82200813, z: 0}
      mode: 2
      height: 1
      bevelCutoff: 0
      bevelSize: 0
      spriteIndex: 0
      corner: 0
    - position: {x: 1952.5784, y: 25.532768, z: 0}
      leftTangent: {x: -9.577759, y: -2.2424297, z: 0}
      rightTangent: {x: 2.777832, y: 0.6503773, z: 0}
      mode: 2
      height: 1
      bevelCutoff: 0
      bevelSize: 0
      spriteIndex: 0
      corner: 0
    - position: {x: 1963.9188, y: 19.605322, z: 0}
      leftTangent: {x: -2.8122559, y: -0.039125443, z: 0}
      rightTangent: {x: 20.903809, y: 0.29082298, z: 0}
      mode: 2
      height: 1
      bevelCutoff: 0
      bevelSize: 0
      spriteIndex: 0
      corner: 0
    - position: {x: 2036.9061, y: 17.350677, z: 0}
      leftTangent: {x: -32.613647, y: -4.8562336, z: 0}
      rightTangent: {x: 15.150391, y: 2.255928, z: 0}
      mode: 2
      height: 1
      bevelCutoff: 0
      bevelSize: 0
      spriteIndex: 0
      corner: 0
    - position: {x: 2108.2683, y: 20.934654, z: 0}
      leftTangent: {x: -13.808838, y: -0.5905037, z: 0}
      rightTangent: {x: 73.56714, y: 3.145935, z: 0}
      mode: 2
      height: 1
      bevelCutoff: 0
      bevelSize: 0
      spriteIndex: 0
      corner: 0
    - position: {x: 2317.7634, y: 30.863361, z: 0}
      leftTangent: {x: -100.28662, y: 0.8618221, z: 0}
      rightTangent: {x: 32.0813, y: -0.2756958, z: 0}
      mode: 2
      height: 1
      bevelCutoff: 0
      bevelSize: 0
      spriteIndex: 0
      corner: 0
    - position: {x: 2594.3987, y: 44.900402, z: 0}
      leftTangent: {x: -35.7229, y: 17.042221, z: 0}
      rightTangent: {x: 94.319336, y: -4.753105, z: 0}
      mode: 2
      height: 1
      bevelCutoff: 0
      bevelSize: 0
      spriteIndex: 0
      corner: 0
    - position: {x: 2860.301, y: 40.551723, z: 0}
      leftTangent: {x: -99.88867, y: 29.531425, z: -0}
      rightTangent: {x: 21.775635, y: -6.437847, z: 0}
      mode: 2
      height: 1
      bevelCutoff: 0
      bevelSize: 0
      spriteIndex: 0
      corner: 0
    - position: {x: 2918.3137, y: 42.797947, z: 0}
      leftTangent: {x: -18.274414, y: 0.13834381, z: 0}
      rightTangent: {x: 22.693604, y: -0.1717987, z: 0}
      mode: 2
      height: 1
      bevelCutoff: 0
      bevelSize: 0
      spriteIndex: 0
      corner: 0
    - position: {x: 2969.0867, y: 28.779781, z: 0}
      leftTangent: {x: -16.443848, y: -3.0332565, z: 0}
      rightTangent: {x: 9.276611, y: 1.7111549, z: 0}
      mode: 2
      height: 1
      bevelCutoff: 0
      bevelSize: 0
      spriteIndex: 0
      corner: 0
    - position: {x: 2989.394, y: 31.076601, z: 0}
      leftTangent: {x: -5.776367, y: -0.44088364, z: 0}
      rightTangent: {x: 13.561768, y: 1.0351295, z: 0}
      mode: 2
      height: 1
      bevelCutoff: 0
      bevelSize: 0
      spriteIndex: 0
      corner: 0
    - position: {x: 3015.8042, y: 31.88336, z: 0}
      leftTangent: {x: -86.30322, y: 30.23885, z: 0}
      rightTangent: {x: 89.58423, y: -31.388458, z: 0}
      mode: 0
      height: 1
      bevelCutoff: 0
      bevelSize: 0
      spriteIndex: 0
      corner: 0
    - position: {x: 3016.0828, y: -0.5383568, z: 0}
      leftTangent: {x: 0.007715507, y: 0.17977178, z: -0}
      rightTangent: {x: -0.007715507, y: -0.17977178, z: 0}
      mode: 1
      height: 1
      bevelCutoff: 0
      bevelSize: 0
      spriteIndex: 0
      corner: 0
    - position: {x: 3016.0479, y: -1.0825024, z: 0}
      leftTangent: {x: 0, y: 0, z: 0}
      rightTangent: {x: 0, y: 0, z: 0}
      mode: 0
      height: 1
      bevelCutoff: 0
      bevelSize: 0
      spriteIndex: 0
      corner: 0
    - position: {x: 3.5694115, y: -2.2769723, z: 0}
      leftTangent: {x: 0, y: 0, z: 0}
      rightTangent: {x: 0, y: 0, z: 0}
      mode: 0
      height: 1
      bevelCutoff: 0
      bevelSize: 0
      spriteIndex: 0
      corner: 0
  m_SpriteShape: {fileID: 11400000, guid: ff1f742368d0e2c4a8aadf30a907139e, type: 2}
  m_SplineDetail: 16
  m_AdaptiveUV: 1
  m_UpdateCollider: 1
  m_ColliderDetail: 4
  m_ColliderOffset: 0
  m_ColliderCornerType: 0
--- !u!1971053207 &108202102
SpriteShapeRenderer:
  m_ObjectHideFlags: 0
  m_CorrespondingSourceObject: {fileID: 0}
  m_PrefabInstance: {fileID: 0}
  m_PrefabAsset: {fileID: 0}
  m_GameObject: {fileID: 108202100}
  m_Enabled: 1
  m_CastShadows: 1
  m_ReceiveShadows: 1
  m_DynamicOccludee: 1
  m_MotionVectors: 1
  m_LightProbeUsage: 1
  m_ReflectionProbeUsage: 1
  m_RenderingLayerMask: 1
  m_RendererPriority: 0
  m_Materials:
  - {fileID: 10754, guid: 0000000000000000f000000000000000, type: 0}
  m_StaticBatchInfo:
    firstSubMesh: 0
    subMeshCount: 0
  m_StaticBatchRoot: {fileID: 0}
  m_ProbeAnchor: {fileID: 0}
  m_LightProbeVolumeOverride: {fileID: 0}
  m_ScaleInLightmap: 1
  m_PreserveUVs: 0
  m_IgnoreNormalsForChartDetection: 0
  m_ImportantGI: 0
  m_StitchLightmapSeams: 0
  m_SelectedEditorRenderState: 0
  m_MinimumChartSize: 4
  m_AutoUVMaxDistance: 0.5
  m_AutoUVMaxAngle: 89
  m_LightmapParameters: {fileID: 0}
  m_SortingLayerID: 0
  m_SortingLayer: 0
  m_SortingOrder: 0
  m_Color: {r: 1, g: 1, b: 1, a: 1}
  m_MaskInteraction: 0
  m_ShapeTexture: {fileID: 2800000, guid: 906d3ae00b942464a9db99518671e5ef, type: 3}
  m_Sprites:
  - {fileID: 21300000, guid: 9f2004cbc960d084f8b4bd1328ade69a, type: 3}
  m_LocalAABB:
    m_Center: {x: 1503.2795, y: 25.694275, z: -0.030500002}
    m_Extent: {x: 1512.8032, y: 28.163715, z: 0.030500002}
--- !u!4 &108202103
Transform:
  m_ObjectHideFlags: 0
  m_CorrespondingSourceObject: {fileID: 0}
  m_PrefabInstance: {fileID: 0}
  m_PrefabAsset: {fileID: 0}
  m_GameObject: {fileID: 108202100}
  m_LocalRotation: {x: 0, y: 0, z: 0, w: 1}
  m_LocalPosition: {x: -3.03, y: -2.48, z: 0}
  m_LocalScale: {x: 1, y: 1, z: 1}
  m_Children: []
  m_Father: {fileID: 0}
  m_RootOrder: 1
  m_LocalEulerAnglesHint: {x: 0, y: 0, z: 0}
--- !u!1 &519420028
GameObject:
  m_ObjectHideFlags: 0
  m_CorrespondingSourceObject: {fileID: 0}
  m_PrefabInstance: {fileID: 0}
  m_PrefabAsset: {fileID: 0}
  serializedVersion: 6
  m_Component:
  - component: {fileID: 519420032}
  - component: {fileID: 519420031}
  - component: {fileID: 519420029}
  m_Layer: 0
  m_Name: Main Camera
  m_TagString: MainCamera
  m_Icon: {fileID: 0}
  m_NavMeshLayer: 0
  m_StaticEditorFlags: 0
  m_IsActive: 1
--- !u!81 &519420029
AudioListener:
  m_ObjectHideFlags: 0
  m_CorrespondingSourceObject: {fileID: 0}
  m_PrefabInstance: {fileID: 0}
  m_PrefabAsset: {fileID: 0}
  m_GameObject: {fileID: 519420028}
  m_Enabled: 1
--- !u!20 &519420031
Camera:
  m_ObjectHideFlags: 0
  m_CorrespondingSourceObject: {fileID: 0}
  m_PrefabInstance: {fileID: 0}
  m_PrefabAsset: {fileID: 0}
  m_GameObject: {fileID: 519420028}
  m_Enabled: 1
  serializedVersion: 2
  m_ClearFlags: 2
  m_BackGroundColor: {r: 0.19215687, g: 0.3019608, b: 0.4745098, a: 0}
  m_projectionMatrixMode: 1
  m_SensorSize: {x: 36, y: 24}
  m_LensShift: {x: 0, y: 0}
  m_GateFitMode: 2
  m_FocalLength: 50
  m_NormalizedViewPortRect:
    serializedVersion: 2
    x: 0
    y: 0
    width: 1
    height: 1
  near clip plane: 0.3
  far clip plane: 1000
  field of view: 60
  orthographic: 1
  orthographic size: 5
  m_Depth: -1
  m_CullingMask:
    serializedVersion: 2
    m_Bits: 4294967295
  m_RenderingPath: -1
  m_TargetTexture: {fileID: 0}
  m_TargetDisplay: 0
  m_TargetEye: 0
  m_HDR: 1
  m_AllowMSAA: 0
  m_AllowDynamicResolution: 0
  m_ForceIntoRT: 0
  m_OcclusionCulling: 0
  m_StereoConvergence: 10
  m_StereoSeparation: 0.022
--- !u!4 &519420032
Transform:
  m_ObjectHideFlags: 0
  m_CorrespondingSourceObject: {fileID: 0}
  m_PrefabInstance: {fileID: 0}
  m_PrefabAsset: {fileID: 0}
  m_GameObject: {fileID: 519420028}
  m_LocalRotation: {x: 0, y: 0, z: 0, w: 1}
  m_LocalPosition: {x: 359, y: 1, z: -10}
  m_LocalScale: {x: 1, y: 1, z: 1}
  m_Children: []
  m_Father: {fileID: 0}
  m_RootOrder: 0
  m_LocalEulerAnglesHint: {x: 0, y: 0, z: 0}
