%YAML 1.1
%TAG !u! tag:unity3d.com,2011:
--- !u!29 &1
OcclusionCullingSettings:
  m_ObjectHideFlags: 0
  serializedVersion: 2
  m_OcclusionBakeSettings:
    smallestOccluder: 5
    smallestHole: 0.25
    backfaceThreshold: 100
  m_SceneGUID: 00000000000000000000000000000000
  m_OcclusionCullingData: {fileID: 0}
--- !u!104 &2
RenderSettings:
  m_ObjectHideFlags: 0
  serializedVersion: 9
  m_Fog: 0
  m_FogColor: {r: 0.5, g: 0.5, b: 0.5, a: 1}
  m_FogMode: 3
  m_FogDensity: 0.01
  m_LinearFogStart: 0
  m_LinearFogEnd: 300
  m_AmbientSkyColor: {r: 0.212, g: 0.227, b: 0.259, a: 1}
  m_AmbientEquatorColor: {r: 0.114, g: 0.125, b: 0.133, a: 1}
  m_AmbientGroundColor: {r: 0.047, g: 0.043, b: 0.035, a: 1}
  m_AmbientIntensity: 1
  m_AmbientMode: 3
  m_SubtractiveShadowColor: {r: 0.42, g: 0.478, b: 0.627, a: 1}
  m_SkyboxMaterial: {fileID: 0}
  m_HaloStrength: 0.5
  m_FlareStrength: 1
  m_FlareFadeSpeed: 3
  m_HaloTexture: {fileID: 0}
  m_SpotCookie: {fileID: 10001, guid: 0000000000000000e000000000000000, type: 0}
  m_DefaultReflectionMode: 0
  m_DefaultReflectionResolution: 128
  m_ReflectionBounces: 1
  m_ReflectionIntensity: 1
  m_CustomReflection: {fileID: 0}
  m_Sun: {fileID: 0}
  m_IndirectSpecularColor: {r: 0, g: 0, b: 0, a: 1}
  m_UseRadianceAmbientProbe: 0
--- !u!157 &3
LightmapSettings:
  m_ObjectHideFlags: 0
  serializedVersion: 11
  m_GIWorkflowMode: 1
  m_GISettings:
    serializedVersion: 2
    m_BounceScale: 1
    m_IndirectOutputScale: 1
    m_AlbedoBoost: 1
    m_EnvironmentLightingMode: 0
    m_EnableBakedLightmaps: 0
    m_EnableRealtimeLightmaps: 0
  m_LightmapEditorSettings:
    serializedVersion: 10
    m_Resolution: 2
    m_BakeResolution: 40
    m_AtlasSize: 1024
    m_AO: 0
    m_AOMaxDistance: 1
    m_CompAOExponent: 1
    m_CompAOExponentDirect: 0
    m_Padding: 2
    m_LightmapParameters: {fileID: 0}
    m_LightmapsBakeMode: 1
    m_TextureCompression: 1
    m_FinalGather: 0
    m_FinalGatherFiltering: 1
    m_FinalGatherRayCount: 256
    m_ReflectionCompression: 2
    m_MixedBakeMode: 2
    m_BakeBackend: 0
    m_PVRSampling: 1
    m_PVRDirectSampleCount: 32
    m_PVRSampleCount: 500
    m_PVRBounces: 2
    m_PVRFilterTypeDirect: 0
    m_PVRFilterTypeIndirect: 0
    m_PVRFilterTypeAO: 0
    m_PVRFilteringMode: 1
    m_PVRCulling: 1
    m_PVRFilteringGaussRadiusDirect: 1
    m_PVRFilteringGaussRadiusIndirect: 5
    m_PVRFilteringGaussRadiusAO: 2
    m_PVRFilteringAtrousPositionSigmaDirect: 0.5
    m_PVRFilteringAtrousPositionSigmaIndirect: 2
    m_PVRFilteringAtrousPositionSigmaAO: 1
    m_ShowResolutionOverlay: 1
  m_LightingDataAsset: {fileID: 0}
  m_UseShadowmask: 1
--- !u!196 &4
NavMeshSettings:
  serializedVersion: 2
  m_ObjectHideFlags: 0
  m_BuildSettings:
    serializedVersion: 2
    agentTypeID: 0
    agentRadius: 0.5
    agentHeight: 2
    agentSlope: 45
    agentClimb: 0.4
    ledgeDropHeight: 0
    maxJumpAcrossDistance: 0
    minRegionArea: 2
    manualCellSize: 0
    cellSize: 0.16666667
    manualTileSize: 0
    tileSize: 256
    accuratePlacement: 0
    debug:
      m_Flags: 0
  m_NavMeshData: {fileID: 0}
--- !u!1 &519420028
GameObject:
  m_ObjectHideFlags: 0
  m_CorrespondingSourceObject: {fileID: 0}
  m_PrefabInstance: {fileID: 0}
  m_PrefabAsset: {fileID: 0}
  serializedVersion: 6
  m_Component:
  - component: {fileID: 519420032}
  - component: {fileID: 519420031}
  - component: {fileID: 519420029}
  m_Layer: 0
  m_Name: Main Camera
  m_TagString: MainCamera
  m_Icon: {fileID: 0}
  m_NavMeshLayer: 0
  m_StaticEditorFlags: 0
  m_IsActive: 1
--- !u!81 &519420029
AudioListener:
  m_ObjectHideFlags: 0
  m_CorrespondingSourceObject: {fileID: 0}
  m_PrefabInstance: {fileID: 0}
  m_PrefabAsset: {fileID: 0}
  m_GameObject: {fileID: 519420028}
  m_Enabled: 1
--- !u!20 &519420031
Camera:
  m_ObjectHideFlags: 0
  m_CorrespondingSourceObject: {fileID: 0}
  m_PrefabInstance: {fileID: 0}
  m_PrefabAsset: {fileID: 0}
  m_GameObject: {fileID: 519420028}
  m_Enabled: 1
  serializedVersion: 2
  m_ClearFlags: 2
  m_BackGroundColor: {r: 0.19215687, g: 0.3019608, b: 0.4745098, a: 0}
  m_projectionMatrixMode: 1
  m_SensorSize: {x: 36, y: 24}
  m_LensShift: {x: 0, y: 0}
  m_GateFitMode: 2
  m_FocalLength: 50
  m_NormalizedViewPortRect:
    serializedVersion: 2
    x: 0
    y: 0
    width: 1
    height: 1
  near clip plane: 0.3
  far clip plane: 1000
  field of view: 60
  orthographic: 1
  orthographic size: 5
  m_Depth: -1
  m_CullingMask:
    serializedVersion: 2
    m_Bits: 4294967295
  m_RenderingPath: -1
  m_TargetTexture: {fileID: 0}
  m_TargetDisplay: 0
  m_TargetEye: 0
  m_HDR: 1
  m_AllowMSAA: 0
  m_AllowDynamicResolution: 0
  m_ForceIntoRT: 0
  m_OcclusionCulling: 0
  m_StereoConvergence: 10
  m_StereoSeparation: 0.022
--- !u!4 &519420032
Transform:
  m_ObjectHideFlags: 0
  m_CorrespondingSourceObject: {fileID: 0}
  m_PrefabInstance: {fileID: 0}
  m_PrefabAsset: {fileID: 0}
  m_GameObject: {fileID: 519420028}
  m_LocalRotation: {x: 0, y: 0, z: 0, w: 1}
  m_LocalPosition: {x: 1.05, y: 0.83, z: -10}
  m_LocalScale: {x: 1, y: 1, z: 1}
  m_Children: []
  m_Father: {fileID: 0}
  m_RootOrder: 0
  m_LocalEulerAnglesHint: {x: 0, y: 0, z: 0}
--- !u!1 &1685039907
GameObject:
  m_ObjectHideFlags: 0
  m_CorrespondingSourceObject: {fileID: 0}
  m_PrefabInstance: {fileID: 0}
  m_PrefabAsset: {fileID: 0}
  serializedVersion: 6
  m_Component:
  - component: {fileID: 1685039910}
  - component: {fileID: 1685039909}
  - component: {fileID: 1685039908}
  m_Layer: 0
  m_Name: New SpriteShapeController
  m_TagString: Untagged
  m_Icon: {fileID: 0}
  m_NavMeshLayer: 0
  m_StaticEditorFlags: 0
  m_IsActive: 1
--- !u!114 &1685039908
MonoBehaviour:
  m_ObjectHideFlags: 0
  m_CorrespondingSourceObject: {fileID: 0}
  m_PrefabInstance: {fileID: 0}
  m_PrefabAsset: {fileID: 0}
  m_GameObject: {fileID: 1685039907}
  m_Enabled: 1
  m_EditorHideFlags: 0
  m_Script: {fileID: 11500000, guid: 90539df1cd5704abcb25fec9f3f5f84b, type: 3}
  m_Name: 
  m_EditorClassIdentifier: 
  m_Spline:
    m_IsOpenEnded: 0
    m_ControlPoints:
    - position: {x: -1.8386014, y: 0.053147912, z: 0}
      leftTangent: {x: 0, y: 0, z: 0}
      rightTangent: {x: 0, y: 0, z: 0}
      mode: 0
      height: 1
      bevelCutoff: 0
      bevelSize: 0
      spriteIndex: 0
      corner: 0
    - position: {x: -1.7947044, y: 4.846385, z: 0}
      leftTangent: {x: 0, y: 0, z: 0}
      rightTangent: {x: 0, y: 0, z: 0}
      mode: 0
      height: 1
      bevelCutoff: 0
      bevelSize: 0
      spriteIndex: 0
      corner: 0
    - position: {x: 2.521467, y: 4.9791064, z: 0}
      leftTangent: {x: -1.9146922, y: -0.049889088, z: 0}
      rightTangent: {x: 0.9090662, y: 0.023686409, z: 0}
      mode: 2
      height: 1
      bevelCutoff: 0
      bevelSize: 0
      spriteIndex: 0
      corner: 0
    - position: {x: 4.5618424, y: 5.003336, z: 0}
      leftTangent: {x: -0.67452145, y: -0.0701561, z: 0}
      rightTangent: {x: 0.05759859, y: 0.0059907436, z: 0}
      mode: 2
      height: 1
      bevelCutoff: 0
      bevelSize: 0
      spriteIndex: 0
      corner: 0
    - position: {x: 14.17414, y: 4.3540173, z: 0}
      leftTangent: {x: -4.4546533, y: -0.003291607, z: 0}
      rightTangent: {x: 1.1277952, y: 0.00083351135, z: 0}
      mode: 2
      height: 1
      bevelCutoff: 0
      bevelSize: 0
      spriteIndex: 0
      corner: 0
    - position: {x: 17.740522, y: 4.0249624, z: 0}
      leftTangent: {x: -1.6897545, y: 0.55877876, z: 0}
      rightTangent: {x: 1.4672661, y: -0.48520517, z: 0}
      mode: 2
      height: 1
      bevelCutoff: 0
      bevelSize: 0
      spriteIndex: 0
      corner: 0
    - position: {x: 22.342194, y: 2.2016807, z: 0}
      leftTangent: {x: -1.417347, y: -0.0005264282, z: 0}
      rightTangent: {x: 0.7333069, y: 0.00027227402, z: 0}
      mode: 2
      height: 1
      bevelCutoff: 0
      bevelSize: 0
      spriteIndex: 0
      corner: 0
    - position: {x: 25.48396, y: 3.2989373, z: 0}
      leftTangent: {x: -0.80607605, y: -0.15993834, z: 0}
      rightTangent: {x: 2.3759956, y: 0.47143626, z: 0}
      mode: 2
      height: 1
      bevelCutoff: 0
      bevelSize: 0
      spriteIndex: 0
      corner: 0
    - position: {x: 32.47132, y: 3.8709018, z: 0}
      leftTangent: {x: -2.7777748, y: -0.0006592274, z: 0}
      rightTangent: {x: 5.262848, y: 0.0012490749, z: 0}
      mode: 2
      height: 1
      bevelCutoff: 0
      bevelSize: 0
      spriteIndex: 0
      corner: 0
    - position: {x: 52.162556, y: 2.892204, z: 0}
      leftTangent: {x: -6.860157, y: 0.00023651123, z: 0}
      rightTangent: {x: 2.8066406, y: -0.000096559525, z: 0}
      mode: 2
      height: 1
      bevelCutoff: 0
      bevelSize: 0
      spriteIndex: 0
      corner: 0
    - position: {x: 62.155163, y: 4.7540646, z: 0}
      leftTangent: {x: -3.0663185, y: 0.00022411346, z: 0}
      rightTangent: {x: 5.721882, y: -0.0004181862, z: 0}
      mode: 2
      height: 1
      bevelCutoff: 0
      bevelSize: 0
      spriteIndex: 0
      corner: 0
    - position: {x: 82.63025, y: 3.8688111, z: 0}
      leftTangent: {x: -6.6038895, y: 0.0016179085, z: 0}
      rightTangent: {x: 4.138855, y: -0.0010139942, z: 0}
      mode: 2
      height: 1
      bevelCutoff: 0
      bevelSize: 0
      spriteIndex: 0
      corner: 0
    - position: {x: 97.05684, y: 6.2296076, z: 0}
      leftTangent: {x: -8.295876, y: 1.7229686, z: 0}
      rightTangent: {x: 8.295876, y: -1.7229686, z: 0}
      mode: 1
      height: 1
      bevelCutoff: 0
      bevelSize: 0
      spriteIndex: 0
      corner: 0
    - position: {x: 117.800224, y: 5.8184757, z: 0}
      leftTangent: {x: -4.313034, y: 1.4858141, z: 0}
      rightTangent: {x: 6.515106, y: -0.0023469925, z: 0}
      mode: 2
      height: 1
      bevelCutoff: 0
      bevelSize: 0
      spriteIndex: 0
      corner: 0
    - position: {x: 142.97762, y: 4.241475, z: 0}
      leftTangent: {x: -7.0600433, y: 0.003440857, z: 0}
      rightTangent: {x: 12.092606, y: -0.0058937073, z: 0}
      mode: 2
      height: 1
      bevelCutoff: 0
      bevelSize: 0
      spriteIndex: 0
      corner: 0
    - position: {x: 183.78952, y: 7.458305, z: 0}
      leftTangent: {x: -13.6250305, y: 0.0075936317, z: 0}
      rightTangent: {x: 12.664291, y: -0.0070581436, z: 0}
      mode: 2
      height: 1
      bevelCutoff: 0
      bevelSize: 0
      spriteIndex: 0
      corner: 0
    - position: {x: 228.54729, y: 4.733416, z: 0}
      leftTangent: {x: -13.921326, y: 0.011067867, z: 0}
      rightTangent: {x: 3.5055084, y: -0.0027871132, z: 0}
      mode: 2
      height: 1
      bevelCutoff: 0
      bevelSize: 0
      spriteIndex: 0
      corner: 0
    - position: {x: 243.23042, y: 6.5381427, z: 0}
      leftTangent: {x: -5.49321, y: -0.2927003, z: 0}
      rightTangent: {x: 9.040497, y: -0.4415183, z: 0}
      mode: 2
      height: 1
      bevelCutoff: 0
      bevelSize: 0
      spriteIndex: 0
      corner: 0
    - position: {x: 265.75394, y: 6.2632627, z: 0}
      leftTangent: {x: -5.600952, y: 0.00460577, z: 0}
      rightTangent: {x: 3.8241272, y: -0.0031442642, z: 0}
      mode: 2
      height: 1
      bevelCutoff: 0
      bevelSize: 0
      spriteIndex: 0
      corner: 0
    - position: {x: 287.60422, y: 6.823065, z: 0}
      leftTangent: {x: -3.9031677, y: 0.0037145615, z: 0}
      rightTangent: {x: 9.637054, y: -0.009171009, z: 0}
      mode: 2
      height: 1
      bevelCutoff: 0
      bevelSize: 0
      spriteIndex: 0
      corner: 0
    - position: {x: 330.33905, y: 10.784263, z: 0}
      leftTangent: {x: -10.103516, y: 0.010507584, z: 0}
      rightTangent: {x: 1.8438416, y: -0.001917839, z: 0}
      mode: 2
      height: 1
      bevelCutoff: 0
      bevelSize: 0
      spriteIndex: 0
      corner: 0
    - position: {x: 339.9004, y: 7.8541336, z: 0}
      leftTangent: {x: -2.0753174, y: 0.07405281, z: 0}
      rightTangent: {x: 11.868225, y: -0.42349052, z: 0}
      mode: 2
      height: 1
      bevelCutoff: 0
      bevelSize: 0
      spriteIndex: 0
      corner: 0
    - position: {x: 374.25052, y: 8.828947, z: 0}
      leftTangent: {x: -11.111786, y: 0.01451683, z: 0}
      rightTangent: {x: 7.8094482, y: -0.010202408, z: 0}
      mode: 2
      height: 1
      bevelCutoff: 0
      bevelSize: 0
      spriteIndex: 0
      corner: 0
    - position: {x: 404.23932, y: 8.354265, z: 0}
      leftTangent: {x: -5.5986633, y: 3.4332657, z: 0}
      rightTangent: {x: 5.5986633, y: -3.4332657, z: 0}
      mode: 1
      height: 1
      bevelCutoff: 0
      bevelSize: 0
      spriteIndex: 0
      corner: 0
    - position: {x: 417.3412, y: 7.5955634, z: 0}
      leftTangent: {x: -4.510681, y: -0.013414383, z: 0}
      rightTangent: {x: 22.776062, y: 0.067735195, z: 0}
      mode: 2
      height: 1
      bevelCutoff: 0
      bevelSize: 0
      spriteIndex: 0
      corner: 0
    - position: {x: 472.82507, y: 12.846023, z: 0}
      leftTangent: {x: -2.6794739, y: -0.43937588, z: 0}
      rightTangent: {x: 2.470581, y: 0.4051199, z: 0}
      mode: 2
      height: 1
      bevelCutoff: 0
      bevelSize: 0
      spriteIndex: 0
      corner: 0
    - position: {x: 496.08432, y: 10.366421, z: 0}
      leftTangent: {x: -21.05655, y: -0.1528759, z: 0}
      rightTangent: {x: 1.7804871, y: 0.012926102, z: 0}
      mode: 2
      height: 1
      bevelCutoff: 0
      bevelSize: 0
      spriteIndex: 0
      corner: 0
    - position: {x: 502.37485, y: 10.955185, z: 0}
      leftTangent: {x: -2.0923767, y: -0.054982185, z: 0}
      rightTangent: {x: 26.837677, y: 0.7052212, z: 0}
      mode: 2
      height: 1
      bevelCutoff: 0
      bevelSize: 0
      spriteIndex: 0
      corner: 0
    - position: {x: 580.4479, y: 13.329255, z: 0}
      leftTangent: {x: -28.018005, y: 0.051228523, z: 0}
      rightTangent: {x: 4.4607544, y: -0.008155823, z: 0}
      mode: 2
      height: 1
      bevelCutoff: 0
      bevelSize: 0
      spriteIndex: 0
      corner: 0
    - position: {x: 594.2845, y: 11.104669, z: 0}
      leftTangent: {x: -4.7946777, y: 0.048419, z: 0}
      rightTangent: {x: 4.6275635, y: -0.046730995, z: 0}
      mode: 2
      height: 1
      bevelCutoff: 0
      bevelSize: 0
      spriteIndex: 0
      corner: 0
    - position: {x: 608.32715, y: 8.463898, z: 0}
      leftTangent: {x: -4.8878784, y: 0.04427433, z: 0}
      rightTangent: {x: 48.123108, y: -0.4359026, z: 0}
      mode: 2
      height: 1
      bevelCutoff: 0
      bevelSize: 0
      spriteIndex: 0
      corner: 0
    - position: {x: 762.7899, y: 10.091931, z: 0}
      leftTangent: {x: -46.58954, y: 0.12671757, z: 0}
      rightTangent: {x: 13.115356, y: -0.035672188, z: 0}
      mode: 2
      height: 1
      bevelCutoff: 0
      bevelSize: 0
      spriteIndex: 0
      corner: 0
    - position: {x: 820.3969, y: 13.273619, z: 0}
      leftTangent: {x: -23.061462, y: -2.140853, z: 0}
      rightTangent: {x: 4.675171, y: 0.43400955, z: 0}
      mode: 2
      height: 1
      bevelCutoff: 0
      bevelSize: 0
      spriteIndex: 0
      corner: 0
    - position: {x: 834.8531, y: 18.036388, z: 0}
      leftTangent: {x: -4.720764, y: -0.13832855, z: 0}
      rightTangent: {x: 4.686157, y: 0.13731384, z: 0}
      mode: 2
      height: 1
      bevelCutoff: 0
      bevelSize: 0
      spriteIndex: 0
      corner: 0
    - position: {x: 851.4262, y: 7.486291, z: 0}
      leftTangent: {x: -4.654236, y: 0.08041, z: 0}
      rightTangent: {x: 28.43341, y: -0.49123, z: 0}
      mode: 2
      height: 1
      bevelCutoff: 0
      bevelSize: 0
      spriteIndex: 0
      corner: 0
    - position: {x: 921.258, y: 13.613882, z: 0}
      leftTangent: {x: -16.835266, y: 0.048991203, z: 0}
      rightTangent: {x: 14.541992, y: -0.04231739, z: 0}
      mode: 2
      height: 1
      bevelCutoff: 0
      bevelSize: 0
      spriteIndex: 0
      corner: 0
    - position: {x: 973.76886, y: 13.481166, z: 0}
      leftTangent: {x: -14.732788, y: 0.046092033, z: 0}
      rightTangent: {x: 4.844116, y: -0.015154839, z: 0}
      mode: 2
      height: 1
      bevelCutoff: 0
      bevelSize: 0
      spriteIndex: 0
      corner: 0
    - position: {x: 989.7114, y: 20.869675, z: 0}
      leftTangent: {x: -5.6868896, y: 0.3215599, z: 0}
      rightTangent: {x: 2.506958, y: -0.14175415, z: 0}
      mode: 2
      height: 1
      bevelCutoff: 0
      bevelSize: 0
      spriteIndex: 0
      corner: 0
    - position: {x: 998.61536, y: 15.918179, z: 0}
      leftTangent: {x: -2.0319214, y: 2.026661, z: 0}
      rightTangent: {x: 2.0319214, y: -2.026661, z: 0}
      mode: 1
      height: 1
      bevelCutoff: 0
      bevelSize: 0
      spriteIndex: 0
      corner: 0
    - position: {x: 1003.8692, y: 13.49617, z: 0}
      leftTangent: {x: -1.0310669, y: -0.0009832382, z: 0}
      rightTangent: {x: 36.064636, y: 0.03437519, z: 0}
      mode: 2
      height: 1
      bevelCutoff: 0
      bevelSize: 0
      spriteIndex: 0
      corner: 0
    - position: {x: 1117.2205, y: 16.0789, z: 0}
      leftTangent: {x: -7.5130615, y: -3.779708, z: 0}
      rightTangent: {x: 7.5130615, y: 3.7797089, z: 0}
      mode: 1
      height: 1
      bevelCutoff: 0
      bevelSize: 0
      spriteIndex: 0
      corner: 0
    - position: {x: 1166.6412, y: 17.222923, z: 0}
      leftTangent: {x: -17.10962, y: -1.109436, z: 0}
      rightTangent: {x: 2.0167236, y: 0.13076782, z: 0}
      mode: 2
      height: 1
      bevelCutoff: 0
      bevelSize: 0
      spriteIndex: 0
      corner: 0
    - position: {x: 1178.0991, y: 15.599824, z: 0}
      leftTangent: {x: -2.010376, y: -0.18588066, z: 0}
      rightTangent: {x: 21.89746, y: 2.0247135, z: 0}
      mode: 2
      height: 1
      bevelCutoff: 0
      bevelSize: 0
      spriteIndex: 0
      corner: 0
    - position: {x: 1239.1833, y: 25.887383, z: 0}
      leftTangent: {x: -21.361206, y: 0.09586716, z: 0}
      rightTangent: {x: 23.129883, y: -0.10380554, z: 0}
      mode: 2
      height: 1
      bevelCutoff: 0
      bevelSize: 0
      spriteIndex: 0
      corner: 0
    - position: {x: 1312.6613, y: 18.85062, z: 0}
      leftTangent: {x: -23.301514, y: 0.12968826, z: 0}
      rightTangent: {x: 48.274902, y: -0.26868057, z: 0}
      mode: 2
      height: 1
      bevelCutoff: 0
      bevelSize: 0
      spriteIndex: 0
      corner: 0
    - position: {x: 1480.3673, y: 22.077724, z: 0}
      leftTangent: {x: -56.40088, y: -2.7709274, z: 0}
      rightTangent: {x: 11.270996, y: 0.5537338, z: 0}
      mode: 2
      height: 1
      bevelCutoff: 0
      bevelSize: 0
      spriteIndex: 0
      corner: 0
    - position: {x: 1520.7839, y: 28.656292, z: 0}
      leftTangent: {x: -9.731689, y: 0.06654358, z: 0}
      rightTangent: {x: 8.2421875, y: -0.056362152, z: 0}
      mode: 2
      height: 1
      bevelCutoff: 0
      bevelSize: 0
      spriteIndex: 0
      corner: 0
    - position: {x: 1551.4739, y: 26.631142, z: 0}
      leftTangent: {x: -8.555298, y: 0.89149475, z: 0}
      rightTangent: {x: 33.1521, y: -3.4546013, z: 0}
      mode: 2
      height: 1
      bevelCutoff: 0
      bevelSize: 0
      spriteIndex: 0
      corner: 0
    - position: {x: 1645.8048, y: 17.737045, z: 0}
      leftTangent: {x: -31.753662, y: 0.3001213, z: 0}
      rightTangent: {x: 48.69568, y: -0.46025276, z: 0}
      mode: 2
      height: 1
      bevelCutoff: 0
      bevelSize: 0
      spriteIndex: 0
      corner: 0
    - position: {x: 1789.6473, y: 16.561253, z: 0}
      leftTangent: {x: -47.983643, y: -0.947052, z: 0}
      rightTangent: {x: 3.014038, y: 0.05948639, z: 0}
      mode: 2
      height: 1
      bevelCutoff: 0
      bevelSize: 0
      spriteIndex: 0
      corner: 0
    - position: {x: 1799.6041, y: 19.305214, z: 0}
      leftTangent: {x: -3.0133057, y: -0.059509277, z: 0}
      rightTangent: {x: 2.7651367, y: 0.05460739, z: 0}
      mode: 2
      height: 1
      bevelCutoff: 0
      bevelSize: 0
      spriteIndex: 0
      corner: 0
    - position: {x: 1809.6079, y: 16.353504, z: 0}
      leftTangent: {x: -2.7645264, y: -0.05425644, z: 0}
      rightTangent: {x: 49.265503, y: 0.966877, z: 0}
      mode: 2
      height: 1
      bevelCutoff: 0
      bevelSize: 0
      spriteIndex: 0
      corner: 0
    - position: {x: 1954.872, y: 21.348877, z: 0}
      leftTangent: {x: -48.548096, y: -0.024421692, z: 0}
      rightTangent: {x: 15.413086, y: 1.9844627, z: 0}
      mode: 2
      height: 1
      bevelCutoff: 0
      bevelSize: 0
      spriteIndex: 0
      corner: 0
    - position: {x: 2003.0691, y: 17.89289, z: 0}
      leftTangent: {x: -15.196411, y: -6.5087194, z: 0}
      rightTangent: {x: 15.196411, y: 6.5087204, z: 0}
      mode: 1
      height: 1
      bevelCutoff: 0
      bevelSize: 0
      spriteIndex: 0
      corner: 0
    - position: {x: 2052.314, y: 14.812986, z: 0}
      leftTangent: {x: -16.158447, y: 1.1180439, z: 0}
      rightTangent: {x: 30.4375, y: -2.106041, z: 0}
      mode: 2
      height: 1
      bevelCutoff: 0
      bevelSize: 0
      spriteIndex: 0
      corner: 0
    - position: {x: 2139.6218, y: 16.479286, z: 0}
      leftTangent: {x: -28.656982, y: 0.32196808, z: 0}
      rightTangent: {x: 25.133545, y: -0.28238106, z: 0}
      mode: 2
      height: 1
      bevelCutoff: 0
      bevelSize: 0
      spriteIndex: 0
      corner: 0
    - position: {x: 2214.0408, y: 21.335728, z: 0}
      leftTangent: {x: -24.468506, y: 0.3000059, z: 0}
      rightTangent: {x: 12.836914, y: -0.15739441, z: 0}
      mode: 2
      height: 1
      bevelCutoff: 0
      bevelSize: 0
      spriteIndex: 0
      corner: 0
    - position: {x: 2283.7605, y: 11.292107, z: 0}
      leftTangent: {x: -12.639893, y: 0.17046738, z: 0}
      rightTangent: {x: 29.667236, y: -0.40010834, z: 0}
      mode: 2
      height: 1
      bevelCutoff: 0
      bevelSize: 0
      spriteIndex: 0
      corner: 0
    - position: {x: 2376.3071, y: 16.809278, z: 0}
      leftTangent: {x: -28.216064, y: 0.379241, z: 0}
      rightTangent: {x: 21.481934, y: -0.2887287, z: 0}
      mode: 2
      height: 1
      bevelCutoff: 0
      bevelSize: 0
      spriteIndex: 0
      corner: 0
    - position: {x: 2472.7947, y: 18.766777, z: 0}
      leftTangent: {x: -20.563477, y: 0.31569386, z: 0}
      rightTangent: {x: 11.595459, y: -0.17801476, z: 0}
      mode: 2
      height: 1
      bevelCutoff: 0
      bevelSize: 0
      spriteIndex: 0
      corner: 0
    - position: {x: 2536.1687, y: 16.726189, z: 0}
      leftTangent: {x: -27.337158, y: -0.59957886, z: 0}
      rightTangent: {x: 4.322998, y: 0.0948143, z: 0}
      mode: 2
      height: 1
      bevelCutoff: 0
      bevelSize: 0
      spriteIndex: 0
      corner: 0
    - position: {x: 2550.4556, y: 20.363186, z: 0}
      leftTangent: {x: -4.46167, y: -0.20856476, z: 0}
      rightTangent: {x: 4.430664, y: 0.20711136, z: 0}
      mode: 2
      height: 1
      bevelCutoff: 0
      bevelSize: 0
      spriteIndex: 0
      corner: 0
    - position: {x: 2566.5715, y: 16.265305, z: 0}
      leftTangent: {x: -4.477783, y: -0.1606865, z: 0}
      rightTangent: {x: 23.517578, y: 0.8439102, z: 0}
      mode: 2
      height: 1
      bevelCutoff: 0
      bevelSize: 0
      spriteIndex: 0
      corner: 0
    - position: {x: 2634.0764, y: 24.312214, z: 0}
      leftTangent: {x: -22.732422, y: -2.1503792, z: 0}
      rightTangent: {x: 11.163818, y: 1.0560532, z: 0}
      mode: 2
      height: 1
      bevelCutoff: 0
      bevelSize: 0
      spriteIndex: 0
      corner: 0
    - position: {x: 2711.0122, y: 38.239666, z: 0}
      leftTangent: {x: -68.16211, y: 5.222931, z: 0}
      rightTangent: {x: 68.16211, y: -5.222931, z: 0}
      mode: 1
      height: 1
      bevelCutoff: 0
      bevelSize: 0
      spriteIndex: 0
      corner: 0
    - position: {x: 2788.5474, y: 16.022121, z: 0}
      leftTangent: {x: -40.053955, y: 4.172127, z: 0}
      rightTangent: {x: 10.347412, y: -1.0778341, z: 0}
      mode: 2
      height: 1
      bevelCutoff: 0
      bevelSize: 0
      spriteIndex: 0
      corner: 0
    - position: {x: 2825.342, y: 27.067604, z: 0}
      leftTangent: {x: -18.21997, y: -1.933239, z: 0}
      rightTangent: {x: 9.605957, y: 1.0192528, z: 0}
      mode: 2
      height: 1
      bevelCutoff: 0
      bevelSize: 0
      spriteIndex: 0
      corner: 0
    - position: {x: 2863.3237, y: 21.575294, z: 0}
      leftTangent: {x: -10.624268, y: -1.5676727, z: 0}
      rightTangent: {x: 13.469727, y: 1.9875221, z: 0}
      mode: 2
      height: 1
      bevelCutoff: 0
      bevelSize: 0
      spriteIndex: 0
      corner: 0
    - position: {x: 2902.0776, y: 34.925858, z: 0}
      leftTangent: {x: -13.634033, y: -2.4267273, z: 0}
      rightTangent: {x: 11.392578, y: 2.0277634, z: 0}
      mode: 2
      height: 1
      bevelCutoff: 0
      bevelSize: 0
      spriteIndex: 0
      corner: 0
    - position: {x: 2935.9006, y: 31.717552, z: 0}
      leftTangent: {x: -13.201904, y: -2.5613365, z: 0}
      rightTangent: {x: 8.834473, y: 2.9277992, z: 0}
      mode: 2
      height: 1
      bevelCutoff: 0
      bevelSize: 0
      spriteIndex: 0
      corner: 0
    - position: {x: 2960.7878, y: 40.16176, z: 0}
      leftTangent: {x: -7.449951, y: -1.8321075, z: 0}
      rightTangent: {x: 3.5305176, y: 0.8682327, z: 0}
      mode: 2
      height: 1
      bevelCutoff: 0
      bevelSize: 0
      spriteIndex: 0
      corner: 0
    - position: {x: 2971.004, y: 41.19958, z: 0}
      leftTangent: {x: -11.3498535, y: -1.5043945, z: 0}
      rightTangent: {x: 18.078613, y: 2.3962326, z: 0}
      mode: 0
      height: 1
      bevelCutoff: 0
      bevelSize: 0
      spriteIndex: 0
      corner: 0
    - position: {x: 3004.8777, y: 42.227024, z: 0}
      leftTangent: {x: -34.597412, y: 2.1275396, z: 0}
      rightTangent: {x: 52.697998, y: -3.2406301, z: 0}
      mode: 0
      height: 1
      bevelCutoff: 0
      bevelSize: 0
      spriteIndex: 0
      corner: 0
    - position: {x: 3005.1316, y: 0.7539959, z: 0}
      leftTangent: {x: 0, y: 0, z: 0}
      rightTangent: {x: 0, y: 0, z: 0}
      mode: 0
      height: 1
      bevelCutoff: 0
      bevelSize: 0
      spriteIndex: 0
      corner: 0
  m_SpriteShape: {fileID: 11400000, guid: dad36028fe95cb64aad59a467ba9815d, type: 2}
  m_SplineDetail: 16
  m_AdaptiveUV: 1
  m_UpdateCollider: 1
  m_ColliderDetail: 4
  m_ColliderOffset: 0
  m_ColliderCornerType: 0
--- !u!1971053207 &1685039909
SpriteShapeRenderer:
  m_ObjectHideFlags: 0
  m_CorrespondingSourceObject: {fileID: 0}
  m_PrefabInstance: {fileID: 0}
  m_PrefabAsset: {fileID: 0}
  m_GameObject: {fileID: 1685039907}
  m_Enabled: 1
  m_CastShadows: 1
  m_ReceiveShadows: 1
  m_DynamicOccludee: 0
  m_MotionVectors: 1
  m_LightProbeUsage: 1
  m_ReflectionProbeUsage: 1
  m_RenderingLayerMask: 1
  m_RendererPriority: 0
  m_Materials:
  - {fileID: 10754, guid: 0000000000000000f000000000000000, type: 0}
  m_StaticBatchInfo:
    firstSubMesh: 0
    subMeshCount: 0
  m_StaticBatchRoot: {fileID: 0}
  m_ProbeAnchor: {fileID: 0}
  m_LightProbeVolumeOverride: {fileID: 0}
  m_ScaleInLightmap: 1
  m_PreserveUVs: 0
  m_IgnoreNormalsForChartDetection: 0
  m_ImportantGI: 0
  m_StitchLightmapSeams: 0
  m_SelectedEditorRenderState: 0
  m_MinimumChartSize: 4
  m_AutoUVMaxDistance: 0.5
  m_AutoUVMaxAngle: 89
  m_LightmapParameters: {fileID: 0}
  m_SortingLayerID: 0
  m_SortingLayer: 0
  m_SortingOrder: 0
  m_Color: {r: 1, g: 1, b: 1, a: 1}
  m_MaskInteraction: 0
  m_ShapeTexture: {fileID: 2800000, guid: 5761dee5babb2174181b74f8a4767f45, type: 3}
  m_Sprites:
  - {fileID: 21300000, guid: 3a5b586305ae5964ba854a624a61706d, type: 3}
  m_LocalAABB:
    m_Center: {x: 1501.6465, y: 21.184652, z: -0.0335}
    m_Extent: {x: 1503.5752, y: 21.13233, z: 0.0335}
--- !u!4 &1685039910
Transform:
  m_ObjectHideFlags: 0
  m_CorrespondingSourceObject: {fileID: 0}
  m_PrefabInstance: {fileID: 0}
  m_PrefabAsset: {fileID: 0}
  m_GameObject: {fileID: 1685039907}
  m_LocalRotation: {x: 0, y: 0, z: 0, w: 1}
  m_LocalPosition: {x: -5.04, y: -4.2, z: 0}
  m_LocalScale: {x: 1, y: 1, z: 1}
  m_Children: []
  m_Father: {fileID: 0}
  m_RootOrder: 1
  m_LocalEulerAnglesHint: {x: 0, y: 0, z: 0}
