%YAML 1.1
%TAG !u! tag:unity3d.com,2011:
--- !u!29 &1
OcclusionCullingSettings:
  m_ObjectHideFlags: 0
  serializedVersion: 2
  m_OcclusionBakeSettings:
    smallestOccluder: 5
    smallestHole: 0.25
    backfaceThreshold: 100
  m_SceneGUID: 00000000000000000000000000000000
  m_OcclusionCullingData: {fileID: 0}
--- !u!104 &2
RenderSettings:
  m_ObjectHideFlags: 0
  serializedVersion: 9
  m_Fog: 0
  m_FogColor: {r: 0.5, g: 0.5, b: 0.5, a: 1}
  m_FogMode: 3
  m_FogDensity: 0.01
  m_LinearFogStart: 0
  m_LinearFogEnd: 300
  m_AmbientSkyColor: {r: 0.212, g: 0.227, b: 0.259, a: 1}
  m_AmbientEquatorColor: {r: 0.114, g: 0.125, b: 0.133, a: 1}
  m_AmbientGroundColor: {r: 0.047, g: 0.043, b: 0.035, a: 1}
  m_AmbientIntensity: 1
  m_AmbientMode: 3
  m_SubtractiveShadowColor: {r: 0.42, g: 0.478, b: 0.627, a: 1}
  m_SkyboxMaterial: {fileID: 0}
  m_HaloStrength: 0.5
  m_FlareStrength: 1
  m_FlareFadeSpeed: 3
  m_HaloTexture: {fileID: 0}
  m_SpotCookie: {fileID: 10001, guid: 0000000000000000e000000000000000, type: 0}
  m_DefaultReflectionMode: 0
  m_DefaultReflectionResolution: 128
  m_ReflectionBounces: 1
  m_ReflectionIntensity: 1
  m_CustomReflection: {fileID: 0}
  m_Sun: {fileID: 0}
  m_IndirectSpecularColor: {r: 0, g: 0, b: 0, a: 1}
  m_UseRadianceAmbientProbe: 0
--- !u!157 &3
LightmapSettings:
  m_ObjectHideFlags: 0
  serializedVersion: 11
  m_GIWorkflowMode: 1
  m_GISettings:
    serializedVersion: 2
    m_BounceScale: 1
    m_IndirectOutputScale: 1
    m_AlbedoBoost: 1
    m_EnvironmentLightingMode: 0
    m_EnableBakedLightmaps: 0
    m_EnableRealtimeLightmaps: 0
  m_LightmapEditorSettings:
    serializedVersion: 10
    m_Resolution: 2
    m_BakeResolution: 40
    m_AtlasSize: 1024
    m_AO: 0
    m_AOMaxDistance: 1
    m_CompAOExponent: 1
    m_CompAOExponentDirect: 0
    m_Padding: 2
    m_LightmapParameters: {fileID: 0}
    m_LightmapsBakeMode: 1
    m_TextureCompression: 1
    m_FinalGather: 0
    m_FinalGatherFiltering: 1
    m_FinalGatherRayCount: 256
    m_ReflectionCompression: 2
    m_MixedBakeMode: 2
    m_BakeBackend: 0
    m_PVRSampling: 1
    m_PVRDirectSampleCount: 32
    m_PVRSampleCount: 500
    m_PVRBounces: 2
    m_PVRFilterTypeDirect: 0
    m_PVRFilterTypeIndirect: 0
    m_PVRFilterTypeAO: 0
    m_PVRFilteringMode: 1
    m_PVRCulling: 1
    m_PVRFilteringGaussRadiusDirect: 1
    m_PVRFilteringGaussRadiusIndirect: 5
    m_PVRFilteringGaussRadiusAO: 2
    m_PVRFilteringAtrousPositionSigmaDirect: 0.5
    m_PVRFilteringAtrousPositionSigmaIndirect: 2
    m_PVRFilteringAtrousPositionSigmaAO: 1
    m_ShowResolutionOverlay: 1
  m_LightingDataAsset: {fileID: 0}
  m_UseShadowmask: 1
--- !u!196 &4
NavMeshSettings:
  serializedVersion: 2
  m_ObjectHideFlags: 0
  m_BuildSettings:
    serializedVersion: 2
    agentTypeID: 0
    agentRadius: 0.5
    agentHeight: 2
    agentSlope: 45
    agentClimb: 0.4
    ledgeDropHeight: 0
    maxJumpAcrossDistance: 0
    minRegionArea: 2
    manualCellSize: 0
    cellSize: 0.16666667
    manualTileSize: 0
    tileSize: 256
    accuratePlacement: 0
    debug:
      m_Flags: 0
  m_NavMeshData: {fileID: 0}
--- !u!1 &519420028
GameObject:
  m_ObjectHideFlags: 0
  m_CorrespondingSourceObject: {fileID: 0}
  m_PrefabInstance: {fileID: 0}
  m_PrefabAsset: {fileID: 0}
  serializedVersion: 6
  m_Component:
  - component: {fileID: 519420032}
  - component: {fileID: 519420031}
  - component: {fileID: 519420029}
  m_Layer: 0
  m_Name: Main Camera
  m_TagString: MainCamera
  m_Icon: {fileID: 0}
  m_NavMeshLayer: 0
  m_StaticEditorFlags: 0
  m_IsActive: 1
--- !u!81 &519420029
AudioListener:
  m_ObjectHideFlags: 0
  m_CorrespondingSourceObject: {fileID: 0}
  m_PrefabInstance: {fileID: 0}
  m_PrefabAsset: {fileID: 0}
  m_GameObject: {fileID: 519420028}
  m_Enabled: 1
--- !u!20 &519420031
Camera:
  m_ObjectHideFlags: 0
  m_CorrespondingSourceObject: {fileID: 0}
  m_PrefabInstance: {fileID: 0}
  m_PrefabAsset: {fileID: 0}
  m_GameObject: {fileID: 519420028}
  m_Enabled: 1
  serializedVersion: 2
  m_ClearFlags: 2
  m_BackGroundColor: {r: 0.19215687, g: 0.3019608, b: 0.4745098, a: 0}
  m_projectionMatrixMode: 1
  m_SensorSize: {x: 36, y: 24}
  m_LensShift: {x: 0, y: 0}
  m_GateFitMode: 2
  m_FocalLength: 50
  m_NormalizedViewPortRect:
    serializedVersion: 2
    x: 0
    y: 0
    width: 1
    height: 1
  near clip plane: 0.3
  far clip plane: 1000
  field of view: 60
  orthographic: 1
  orthographic size: 5
  m_Depth: -1
  m_CullingMask:
    serializedVersion: 2
    m_Bits: 4294967295
  m_RenderingPath: -1
  m_TargetTexture: {fileID: 0}
  m_TargetDisplay: 0
  m_TargetEye: 0
  m_HDR: 1
  m_AllowMSAA: 0
  m_AllowDynamicResolution: 0
  m_ForceIntoRT: 0
  m_OcclusionCulling: 0
  m_StereoConvergence: 10
  m_StereoSeparation: 0.022
--- !u!4 &519420032
Transform:
  m_ObjectHideFlags: 0
  m_CorrespondingSourceObject: {fileID: 0}
  m_PrefabInstance: {fileID: 0}
  m_PrefabAsset: {fileID: 0}
  m_GameObject: {fileID: 519420028}
  m_LocalRotation: {x: 0, y: 0, z: 0, w: 1}
  m_LocalPosition: {x: 1.05, y: 0.83, z: -10}
  m_LocalScale: {x: 1, y: 1, z: 1}
  m_Children: []
  m_Father: {fileID: 0}
  m_RootOrder: 0
  m_LocalEulerAnglesHint: {x: 0, y: 0, z: 0}
--- !u!1 &1685039907
GameObject:
  m_ObjectHideFlags: 0
  m_CorrespondingSourceObject: {fileID: 0}
  m_PrefabInstance: {fileID: 0}
  m_PrefabAsset: {fileID: 0}
  serializedVersion: 6
  m_Component:
  - component: {fileID: 1685039910}
  - component: {fileID: 1685039909}
  - component: {fileID: 1685039908}
  m_Layer: 0
  m_Name: New SpriteShapeController
  m_TagString: Untagged
  m_Icon: {fileID: 0}
  m_NavMeshLayer: 0
  m_StaticEditorFlags: 0
  m_IsActive: 1
--- !u!114 &1685039908
MonoBehaviour:
  m_ObjectHideFlags: 0
  m_CorrespondingSourceObject: {fileID: 0}
  m_PrefabInstance: {fileID: 0}
  m_PrefabAsset: {fileID: 0}
  m_GameObject: {fileID: 1685039907}
  m_Enabled: 1
  m_EditorHideFlags: 0
  m_Script: {fileID: 11500000, guid: 90539df1cd5704abcb25fec9f3f5f84b, type: 3}
  m_Name: 
  m_EditorClassIdentifier: 
  m_Spline:
    m_IsOpenEnded: 0
    m_ControlPoints:
    - position: {x: -1.8386014, y: 0.053147912, z: 0}
      leftTangent: {x: 0, y: 0, z: 0}
      rightTangent: {x: 0, y: 0, z: 0}
      mode: 0
      height: 1
      bevelCutoff: 0
      bevelSize: 0
      spriteIndex: 0
      corner: 0
    - position: {x: -1.7947044, y: 4.846385, z: 0}
      leftTangent: {x: 0, y: 0, z: 0}
      rightTangent: {x: 0, y: 0, z: 0}
      mode: 0
      height: 1
      bevelCutoff: 0
      bevelSize: 0
      spriteIndex: 0
      corner: 0
    - position: {x: 4.5618424, y: 5.003336, z: 0}
      leftTangent: {x: -2.0952115, y: -0.21792096, z: 0}
      rightTangent: {x: 0.05759859, y: 0.0059907436, z: 0}
      mode: 2
      height: 1
      bevelCutoff: 0
      bevelSize: 0
      spriteIndex: 0
      corner: 0
    - position: {x: 14.505817, y: 6.068592, z: 0}
      leftTangent: {x: -4.4546533, y: -0.003291607, z: 0}
      rightTangent: {x: 2.1070948, y: 0.0015568733, z: 0}
      mode: 2
      height: 1
      bevelCutoff: 0
      bevelSize: 0
      spriteIndex: 0
      corner: 0
    - position: {x: 22.342194, y: 2.2016807, z: 0}
      leftTangent: {x: -3.0496082, y: -0.0011327267, z: 0}
      rightTangent: {x: 2.8948174, y: 0.0010752678, z: 0}
      mode: 2
      height: 1
      bevelCutoff: 0
      bevelSize: 0
      spriteIndex: 0
      corner: 0
    - position: {x: 32.47132, y: 3.8709018, z: 0}
      leftTangent: {x: -3.7201538, y: -0.000882864, z: 0}
      rightTangent: {x: 5.262848, y: 0.0012490749, z: 0}
      mode: 2
      height: 1
      bevelCutoff: 0
      bevelSize: 0
      spriteIndex: 0
      corner: 0
    - position: {x: 52.162556, y: 2.892204, z: 0}
      leftTangent: {x: -6.860157, y: 0.00023651123, z: 0}
      rightTangent: {x: 2.8066406, y: -0.000096559525, z: 0}
      mode: 2
      height: 1
      bevelCutoff: 0
      bevelSize: 0
      spriteIndex: 0
      corner: 0
    - position: {x: 62.155163, y: 4.7540646, z: 0}
      leftTangent: {x: -3.0663185, y: 0.00022411346, z: 0}
      rightTangent: {x: 5.721882, y: -0.0004181862, z: 0}
      mode: 2
      height: 1
      bevelCutoff: 0
      bevelSize: 0
      spriteIndex: 0
      corner: 0
    - position: {x: 82.63025, y: 3.8688111, z: 0}
      leftTangent: {x: -6.6038895, y: 0.0016179085, z: 0}
      rightTangent: {x: 10.483955, y: -0.002568245, z: 0}
      mode: 2
      height: 1
      bevelCutoff: 0
      bevelSize: 0
      spriteIndex: 0
      corner: 0
    - position: {x: 118.73998, y: 7.7542872, z: 0}
      leftTangent: {x: -24.429008, y: -5.5647874, z: 0}
      rightTangent: {x: 6.515106, y: -0.0023469925, z: 0}
      mode: 2
      height: 1
      bevelCutoff: 0
      bevelSize: 0
      spriteIndex: 0
      corner: 0
    - position: {x: 142.97762, y: 4.241475, z: 0}
      leftTangent: {x: -7.0600433, y: 0.003440857, z: 0}
      rightTangent: {x: 12.092606, y: -0.0058937073, z: 0}
      mode: 2
      height: 1
      bevelCutoff: 0
      bevelSize: 0
      spriteIndex: 0
      corner: 0
    - position: {x: 183.78952, y: 7.458305, z: 0}
      leftTangent: {x: -13.6250305, y: 0.0075936317, z: 0}
      rightTangent: {x: 12.664291, y: -0.0070581436, z: 0}
      mode: 2
      height: 1
      bevelCutoff: 0
      bevelSize: 0
      spriteIndex: 0
      corner: 0
    - position: {x: 228.54729, y: 4.733416, z: 0}
      leftTangent: {x: -13.921326, y: 0.011067867, z: 0}
      rightTangent: {x: 8.816132, y: -0.0070090294, z: 0}
      mode: 2
      height: 1
      bevelCutoff: 0
      bevelSize: 0
      spriteIndex: 0
      corner: 0
    - position: {x: 265.75394, y: 6.2632627, z: 0}
      leftTangent: {x: -9.298096, y: 0.007646084, z: 0}
      rightTangent: {x: 2.076477, y: -0.001707077, z: 0}
      mode: 2
      height: 1
      bevelCutoff: 0
      bevelSize: 0
      spriteIndex: 0
      corner: 0
    - position: {x: 274.32373, y: 9.676807, z: 0}
      leftTangent: {x: -4.8645935, y: -0.1517582, z: 0}
      rightTangent: {x: 4.0941772, y: 0.12772512, z: 0}
      mode: 2
      height: 1
      bevelCutoff: 0
      bevelSize: 0
      spriteIndex: 0
      corner: 0
    - position: {x: 287.60422, y: 6.823065, z: 0}
      leftTangent: {x: -1.7837524, y: 0.0016975403, z: 0}
      rightTangent: {x: 9.637054, y: -0.009171009, z: 0}
      mode: 2
      height: 1
      bevelCutoff: 0
      bevelSize: 0
      spriteIndex: 0
      corner: 0
    - position: {x: 330.33905, y: 10.784263, z: 0}
      leftTangent: {x: -10.103516, y: 0.010507584, z: 0}
      rightTangent: {x: 12.388306, y: -0.012883186, z: 0}
      mode: 2
      height: 1
      bevelCutoff: 0
      bevelSize: 0
      spriteIndex: 0
      corner: 0
    - position: {x: 374.25052, y: 8.828947, z: 0}
      leftTangent: {x: -13.05484, y: 0.017055511, z: 0}
      rightTangent: {x: 15.058838, y: -0.019672394, z: 0}
      mode: 2
      height: 1
      bevelCutoff: 0
      bevelSize: 0
      spriteIndex: 0
      corner: 0
    - position: {x: 439.57797, y: 12.558773, z: 0}
      leftTangent: {x: -17.837646, y: 12.352257, z: 0}
      rightTangent: {x: 17.837646, y: -12.352255, z: 0}
      mode: 1
      height: 1
      bevelCutoff: 0
      bevelSize: 0
      spriteIndex: 0
      corner: 0
    - position: {x: 486.89172, y: 8.707697, z: 0}
      leftTangent: {x: -12.423157, y: 0.019834518, z: 0}
      rightTangent: {x: 28.797546, y: -0.045977592, z: 0}
      mode: 2
      height: 1
      bevelCutoff: 0
      bevelSize: 0
      spriteIndex: 0
      corner: 0
    - position: {x: 580.4479, y: 13.329255, z: 0}
      leftTangent: {x: -30.984558, y: 0.056653023, z: 0}
      rightTangent: {x: 17.366943, y: -0.031754494, z: 0}
      mode: 2
      height: 1
      bevelCutoff: 0
      bevelSize: 0
      spriteIndex: 0
      corner: 0
    - position: {x: 639.75555, y: 23.403519, z: 0}
      leftTangent: {x: -21.303833, y: -0.16893673, z: 0}
      rightTangent: {x: 13.355286, y: 0.10590553, z: 0}
      mode: 2
      height: 1
      bevelCutoff: 0
      bevelSize: 0
      spriteIndex: 0
      corner: 0
    - position: {x: 680.2211, y: 13.70131, z: 0}
      leftTangent: {x: -13.7229, y: 0.32871628, z: 0}
      rightTangent: {x: 28.862488, y: -0.6913681, z: 0}
      mode: 2
      height: 1
      bevelCutoff: 0
      bevelSize: 0
      spriteIndex: 0
      corner: 0
    - position: {x: 762.7899, y: 10.091931, z: 0}
      leftTangent: {x: -25.169006, y: 0.06845665, z: 0}
      rightTangent: {x: 13.115356, y: -0.035672188, z: 0}
      mode: 2
      height: 1
      bevelCutoff: 0
      bevelSize: 0
      spriteIndex: 0
      corner: 0
    - position: {x: 820.3969, y: 13.273619, z: 0}
      leftTangent: {x: -23.061462, y: -2.140853, z: 0}
      rightTangent: {x: 4.675171, y: 0.43400955, z: 0}
      mode: 2
      height: 1
      bevelCutoff: 0
      bevelSize: 0
      spriteIndex: 0
      corner: 0
    - position: {x: 834.8531, y: 18.036388, z: 0}
      leftTangent: {x: -4.720764, y: -0.13832855, z: 0}
      rightTangent: {x: 4.686157, y: 0.13731384, z: 0}
      mode: 2
      height: 1
      bevelCutoff: 0
      bevelSize: 0
      spriteIndex: 0
      corner: 0
    - position: {x: 851.4262, y: 7.486291, z: 0}
      leftTangent: {x: -4.654236, y: 0.08041, z: 0}
      rightTangent: {x: 28.43341, y: -0.49123, z: 0}
      mode: 2
      height: 1
      bevelCutoff: 0
      bevelSize: 0
      spriteIndex: 0
      corner: 0
    - position: {x: 908.5788, y: 15.128612, z: 0}
      leftTangent: {x: -16.835266, y: 0.048991203, z: 0}
      rightTangent: {x: 14.541992, y: -0.04231739, z: 0}
      mode: 2
      height: 1
      bevelCutoff: 0
      bevelSize: 0
      spriteIndex: 0
      corner: 0
    - position: {x: 937.4344, y: 24.462952, z: 0}
      leftTangent: {x: -14.732788, y: 0.046092033, z: 0}
      rightTangent: {x: 4.844116, y: -0.015154839, z: 0}
      mode: 2
      height: 1
      bevelCutoff: 0
      bevelSize: 0
      spriteIndex: 0
      corner: 0
    - position: {x: 986.1158, y: 21.059017, z: 0}
      leftTangent: {x: -5.6868896, y: 0.3215599, z: 0}
      rightTangent: {x: 2.696167, y: 0.9942894, z: 0}
      mode: 2
      height: 1
      bevelCutoff: 0
      bevelSize: 0
      spriteIndex: 0
      corner: 0
    - position: {x: 1000.81903, y: 16.058651, z: 0}
      leftTangent: {x: -4.517029, y: 6.064643, z: 0}
      rightTangent: {x: 0.74993896, y: -2.270977, z: 0}
      mode: 2
      height: 1
      bevelCutoff: 0
      bevelSize: 0
      spriteIndex: 0
      corner: 0
    - position: {x: 1017.8731, y: 11.224074, z: 0}
      leftTangent: {x: -1.0310669, y: -0.0009832382, z: 0}
      rightTangent: {x: 52.053894, y: 0.04961586, z: 0}
      mode: 2
      height: 1
      bevelCutoff: 0
      bevelSize: 0
      spriteIndex: 0
      corner: 0
    - position: {x: 1166.6412, y: 17.222923, z: 0}
      leftTangent: {x: -55.70117, y: -3.6118164, z: 0}
      rightTangent: {x: 2.0167236, y: 0.13076782, z: 0}
      mode: 2
      height: 1
      bevelCutoff: 0
      bevelSize: 0
      spriteIndex: 0
      corner: 0
    - position: {x: 1178.0991, y: 15.599824, z: 0}
      leftTangent: {x: -2.010376, y: -0.18588066, z: 0}
      rightTangent: {x: 21.89746, y: 2.0247135, z: 0}
      mode: 2
      height: 1
      bevelCutoff: 0
      bevelSize: 0
      spriteIndex: 0
      corner: 0
    - position: {x: 1239.1833, y: 25.887383, z: 0}
      leftTangent: {x: -21.361206, y: 0.09586716, z: 0}
      rightTangent: {x: 23.129883, y: -0.10380554, z: 0}
      mode: 2
      height: 1
      bevelCutoff: 0
      bevelSize: 0
      spriteIndex: 0
      corner: 0
    - position: {x: 1312.6613, y: 18.85062, z: 0}
      leftTangent: {x: -23.301514, y: 0.12968826, z: 0}
      rightTangent: {x: 48.274902, y: -0.26868057, z: 0}
      mode: 2
      height: 1
      bevelCutoff: 0
      bevelSize: 0
      spriteIndex: 0
      corner: 0
    - position: {x: 1480.3673, y: 22.077724, z: 0}
      leftTangent: {x: -56.40088, y: -2.7709274, z: 0}
      rightTangent: {x: 11.270996, y: 0.5537338, z: 0}
      mode: 2
      height: 1
      bevelCutoff: 0
      bevelSize: 0
      spriteIndex: 0
      corner: 0
    - position: {x: 1520.7839, y: 28.656292, z: 0}
      leftTangent: {x: -9.731689, y: 0.06654358, z: 0}
      rightTangent: {x: 8.2421875, y: -0.056362152, z: 0}
      mode: 2
      height: 1
      bevelCutoff: 0
      bevelSize: 0
      spriteIndex: 0
      corner: 0
    - position: {x: 1551.4739, y: 26.631142, z: 0}
      leftTangent: {x: -8.555298, y: 0.89149475, z: 0}
      rightTangent: {x: 33.1521, y: -3.4546013, z: 0}
      mode: 2
      height: 1
      bevelCutoff: 0
      bevelSize: 0
      spriteIndex: 0
      corner: 0
    - position: {x: 1645.8048, y: 17.737045, z: 0}
      leftTangent: {x: -31.753662, y: 0.3001213, z: 0}
      rightTangent: {x: 93.74841, y: -0.88607407, z: 0}
      mode: 2
      height: 1
      bevelCutoff: 0
      bevelSize: 0
      spriteIndex: 0
      corner: 0
    - position: {x: 1917.8291, y: 18.468233, z: 0}
      leftTangent: {x: -91.26941, y: -0.784462, z: 0}
      rightTangent: {x: 10.543823, y: 0.09062195, z: 0}
      mode: 2
      height: 1
      bevelCutoff: 0
      bevelSize: 0
      spriteIndex: 0
      corner: 0
    - position: {x: 1954.872, y: 21.348877, z: 0}
      leftTangent: {x: -10.511963, y: -0.0052871704, z: 0}
      rightTangent: {x: 7.8620605, y: 1.0122452, z: 0}
      mode: 2
      height: 1
      bevelCutoff: 0
      bevelSize: 0
      spriteIndex: 0
      corner: 0
    - position: {x: 1980.8999, y: 17.67532, z: 0}
      leftTangent: {x: -8.186523, y: 0.26643372, z: 0}
      rightTangent: {x: 24.174805, y: -0.78678894, z: 0}
      mode: 2
      height: 1
      bevelCutoff: 0
      bevelSize: 0
      spriteIndex: 0
      corner: 0
    - position: {x: 2052.314, y: 14.812986, z: 0}
      leftTangent: {x: -23.947144, y: 1.6569614, z: 0}
      rightTangent: {x: 30.4375, y: -2.106041, z: 0}
      mode: 2
      height: 1
      bevelCutoff: 0
      bevelSize: 0
      spriteIndex: 0
      corner: 0
    - position: {x: 2139.6218, y: 16.479286, z: 0}
      leftTangent: {x: -28.656982, y: 0.32196808, z: 0}
      rightTangent: {x: 25.133545, y: -0.28238106, z: 0}
      mode: 2
      height: 1
      bevelCutoff: 0
      bevelSize: 0
      spriteIndex: 0
      corner: 0
    - position: {x: 2214.0408, y: 21.335728, z: 0}
      leftTangent: {x: -24.468506, y: 0.3000059, z: 0}
      rightTangent: {x: 12.836914, y: -0.15739441, z: 0}
      mode: 2
      height: 1
      bevelCutoff: 0
      bevelSize: 0
      spriteIndex: 0
      corner: 0
    - position: {x: 2283.7605, y: 11.292107, z: 0}
      leftTangent: {x: -12.639893, y: 0.17046738, z: 0}
      rightTangent: {x: 29.667236, y: -0.40010834, z: 0}
      mode: 2
      height: 1
      bevelCutoff: 0
      bevelSize: 0
      spriteIndex: 0
      corner: 0
    - position: {x: 2376.3071, y: 16.809278, z: 0}
      leftTangent: {x: -28.216064, y: 0.379241, z: 0}
      rightTangent: {x: 21.481934, y: -0.2887287, z: 0}
      mode: 2
      height: 1
      bevelCutoff: 0
      bevelSize: 0
      spriteIndex: 0
      corner: 0
    - position: {x: 2472.7947, y: 18.766777, z: 0}
      leftTangent: {x: -20.563477, y: 0.31569386, z: 0}
      rightTangent: {x: 10.967529, y: -0.16837692, z: 0}
      mode: 2
      height: 1
      bevelCutoff: 0
      bevelSize: 0
      spriteIndex: 0
      corner: 0
    - position: {x: 2529.47, y: 21.940598, z: 0}
      leftTangent: {x: -25.402588, y: -0.50502014, z: 0}
      rightTangent: {x: 34.135254, y: -6.997777, z: 0}
      mode: 2
      height: 1
      bevelCutoff: 0
      bevelSize: 0
      spriteIndex: 0
      corner: 0
    - position: {x: 2634.0764, y: 24.312214, z: 0}
      leftTangent: {x: -32.911865, y: -3.113327, z: 0}
      rightTangent: {x: 11.163818, y: 1.0560532, z: 0}
      mode: 2
      height: 1
      bevelCutoff: 0
      bevelSize: 0
      spriteIndex: 0
      corner: 0
    - position: {x: 2690.496, y: 71.507545, z: 0}
      leftTangent: {x: -68.16211, y: 5.222931, z: 0}
      rightTangent: {x: 68.16211, y: -5.222931, z: 0}
      mode: 1
      height: 1
      bevelCutoff: 0
      bevelSize: 0
      spriteIndex: 0
      corner: 0
    - position: {x: 2788.5474, y: 16.022121, z: 0}
      leftTangent: {x: -40.053955, y: 4.172127, z: 0}
      rightTangent: {x: 10.347412, y: -1.0778341, z: 0}
      mode: 2
      height: 1
      bevelCutoff: 0
      bevelSize: 0
      spriteIndex: 0
      corner: 0
    - position: {x: 2825.342, y: 27.067604, z: 0}
      leftTangent: {x: -18.21997, y: -1.933239, z: 0}
      rightTangent: {x: 9.605957, y: 1.0192528, z: 0}
      mode: 2
      height: 1
      bevelCutoff: 0
      bevelSize: 0
      spriteIndex: 0
      corner: 0
    - position: {x: 2863.3237, y: 21.575294, z: 0}
      leftTangent: {x: -10.624268, y: -1.5676727, z: 0}
      rightTangent: {x: 13.469727, y: 1.9875221, z: 0}
      mode: 2
      height: 1
      bevelCutoff: 0
      bevelSize: 0
      spriteIndex: 0
      corner: 0
    - position: {x: 2902.0776, y: 34.925858, z: 0}
      leftTangent: {x: -13.634033, y: -2.4267273, z: 0}
      rightTangent: {x: 11.392578, y: 2.0277634, z: 0}
      mode: 2
      height: 1
      bevelCutoff: 0
      bevelSize: 0
      spriteIndex: 0
      corner: 0
    - position: {x: 2935.9006, y: 31.717552, z: 0}
      leftTangent: {x: -13.201904, y: -2.5613365, z: 0}
      rightTangent: {x: 13.020996, y: 4.3152847, z: 0}
      mode: 2
      height: 1
      bevelCutoff: 0
      bevelSize: 0
      spriteIndex: 0
      corner: 0
    - position: {x: 2968.558, y: 39.08203, z: 0}
      leftTangent: {x: -11.3498535, y: -1.5043945, z: 0}
      rightTangent: {x: 18.078613, y: 2.3962326, z: 0}
      mode: 0
      height: 1
      bevelCutoff: 0
      bevelSize: 0
      spriteIndex: 0
      corner: 0
    - position: {x: 3004.9358, y: 33.512714, z: 0}
      leftTangent: {x: 0, y: 0, z: 0}
      rightTangent: {x: 0, y: 0, z: 0}
      mode: 0
      height: 1
      bevelCutoff: 0
      bevelSize: 0
      spriteIndex: 0
      corner: 0
    - position: {x: 3169.0076, y: 43.642673, z: 0}
      leftTangent: {x: -34.597412, y: 2.1275396, z: 0}
      rightTangent: {x: 52.697998, y: -3.2406301, z: 0}
      mode: 0
      height: 1
      bevelCutoff: 0
      bevelSize: 0
      spriteIndex: 0
      corner: 0
    - position: {x: 3168.5542, y: -1.3694859, z: 0}
      leftTangent: {x: 0, y: 0, z: 0}
      rightTangent: {x: 0, y: 0, z: 0}
      mode: 0
      height: 1
      bevelCutoff: 0
      bevelSize: 0
      spriteIndex: 0
      corner: 0
  m_SpriteShape: {fileID: 11400000, guid: dad36028fe95cb64aad59a467ba9815d, type: 2}
  m_SplineDetail: 16
  m_AdaptiveUV: 1
  m_UpdateCollider: 1
  m_ColliderDetail: 4
  m_ColliderOffset: 0
  m_ColliderCornerType: 0
--- !u!1971053207 &1685039909
SpriteShapeRenderer:
  m_ObjectHideFlags: 0
  m_CorrespondingSourceObject: {fileID: 0}
  m_PrefabInstance: {fileID: 0}
  m_PrefabAsset: {fileID: 0}
  m_GameObject: {fileID: 1685039907}
  m_Enabled: 1
  m_CastShadows: 1
  m_ReceiveShadows: 1
  m_DynamicOccludee: 0
  m_MotionVectors: 1
  m_LightProbeUsage: 1
  m_ReflectionProbeUsage: 1
  m_RenderingLayerMask: 1
  m_RendererPriority: 0
  m_Materials:
  - {fileID: 10754, guid: 0000000000000000f000000000000000, type: 0}
  m_StaticBatchInfo:
    firstSubMesh: 0
    subMeshCount: 0
  m_StaticBatchRoot: {fileID: 0}
  m_ProbeAnchor: {fileID: 0}
  m_LightProbeVolumeOverride: {fileID: 0}
  m_ScaleInLightmap: 1
  m_PreserveUVs: 0
  m_IgnoreNormalsForChartDetection: 0
  m_ImportantGI: 0
  m_StitchLightmapSeams: 0
  m_SelectedEditorRenderState: 0
  m_MinimumChartSize: 4
  m_AutoUVMaxDistance: 0.5
  m_AutoUVMaxAngle: 89
  m_LightmapParameters: {fileID: 0}
  m_SortingLayerID: 0
  m_SortingLayer: 0
  m_SortingOrder: 0
  m_Color: {r: 1, g: 1, b: 1, a: 1}
  m_MaskInteraction: 0
  m_ShapeTexture: {fileID: 2800000, guid: 5761dee5babb2174181b74f8a4767f45, type: 3}
  m_Sprites:
  - {fileID: 21300000, guid: 3a5b586305ae5964ba854a624a61706d, type: 3}
  m_LocalAABB:
    m_Center: {x: 1583.5422, y: 35.2749, z: -0.028500002}
    m_Extent: {x: 1585.471, y: 36.644382, z: 0.028500002}
--- !u!4 &1685039910
Transform:
  m_ObjectHideFlags: 0
  m_CorrespondingSourceObject: {fileID: 0}
  m_PrefabInstance: {fileID: 0}
  m_PrefabAsset: {fileID: 0}
  m_GameObject: {fileID: 1685039907}
  m_LocalRotation: {x: 0, y: 0, z: 0, w: 1}
  m_LocalPosition: {x: -5.04, y: -4.2, z: 0}
  m_LocalScale: {x: 1, y: 1, z: 1}
  m_Children: []
  m_Father: {fileID: 0}
  m_RootOrder: 1
  m_LocalEulerAnglesHint: {x: 0, y: 0, z: 0}
